4890 6561
915 498 971 552 vi
2299 497 2742 552 PRAEFATIO

913 664 1267 746 saepissime
1321 671 1385 729 et
1437 667 1608 745 apud
1662 662 2055 747 Propertium
2109 662 2281 727 haud
2336 666 2527 728 semel
2580 665 2745 727 inter
2799 685 2864 727 se
2916 664 3208 738 confusis,
3261 665 3668 728 emendarunt
3717 671 3956 730 ueteres
4015 668 4108 747 (ς)

910 762 1297 841 reliquerunt
1335 761 1716 831 recentiores,
1759 760 1993 822 notulis
2032 759 2213 820 aduri
2253 760 2356 821 uel
2394 760 2605 839 potius
2657 760 2936 821 comburi
2975 760 3359 839 dignissimis
3400 766 3611 821 notam
3654 760 3774 821 sibi
3813 762 4134 824 inurentes

911 853 1293 915 diuturnam.
1360 874 1504 914 mox
1531 859 1680 915 nota
1704 853 1813 915 illa
1840 873 2029 933 quam
2057 852 2212 914 dicit
2237 860 2422 933 poeta
2451 854 2528 915 de
2564 853 2891 932 Philippea
2916 853 3018 914 uel
3043 854 3253 932 potius
3281 855 3604 915 Pharsalia.
3629 856 3812 916 caede
3838 855 4136 917 facillime

910 947 1321 1027 intellegetur,
1350 948 1514 1028 quod
1552 948 1891 1010 Beroaldus
1928 948 2077 1008 olim
2117 948 2427 1009 docuerat.
2509 948 2670 1009 hanc
2707 948 2977 1009 maximo
3019 945 3216 1008 dolori
3257 947 3456 1008 fuisse
3492 948 3725 1008 Romae
3751 953 3817 1009 et
3838 948 4132 1027 Pompeio

909 1042 1131 1120 pudori
1157 1043 1336 1103 testis
1359 1042 1514 1102 mihi
1535 1042 1618 1104 sit
1639 1042 1952 1121 Vergilius
1977 1042 2183 1119 Georq.
2202 1042 2239 1101 1
2258 1042 2377 1103 491
2402 1062 2495 1121 sq.
2519 1050 2663 1103 ‘nec
2690 1041 2820 1102 fuit
2842 1042 3172 1121 indignum
3202 1041 3442 1121 superis
3470 1041 3568 1103 bis
3596 1042 3893 1121 sanguine
3920 1049 4132 1104 nostro

907 1133 919 1214 Ι
951 1135 1308 1195 Emathiam
1348 1141 1413 1197 et
1438 1135 1598 1196 latos
1637 1134 1867 1196 Haemi
1892 1134 2287 1213 pinguescere
2313 1134 2634 1213 campos';
2679 1135 2976 1195 Manilius
3011 1135 3047 1194 Ι
3076 1136 3194 1195 905
3220 1155 3310 1214 sq.
3344 1135 3478 1214 (qui
3518 1142 3582 1196 et
3620 1136 3752 1215 ipse
3780 1136 4134 1199 Pharsaliae

909 1247 1156 1306 campos
1199 1228 1550 1307 ,Philippeos
1588 1229 1799 1305 uocat)
1845 1227 2111 1307 aliique;
2155 1229 2333 1289 testis
2375 1228 2460 1288 sit
2508 1228 2839 1289 Petronius
2887 1228 2959 1288 de
3006 1229 3153 1288 bello
3194 1230 3372 1288 ciuili
3411 1229 3530 1289 293
3574 1248 3707 1336 sqq.
3752 1230 3989 1289 ‘nescis
4034 1235 4129 1301 tu,

806 1348 823 1377 ι
907 1320 1153 1397 Magne,
1210 1321 1371 1381 tueri
1408 1320 1418 1402 Ι
1453 1322 1766 1382 Romanas
1813 1321 2025 1382 arces?
2117 1321 2455 1401 Epidamni
2496 1322 2743 1383 moenia
2784 1341 3008 1401 quaere
3043 1319 3053 1402 Ι
3091 1322 3594 1402 Thessalicosque
3637 1322 3813 1383 sinus
3859 1321 4131 1385 humano

908 1415 1208 1492 sanguine
1231 1415 1487 1493 tingue!
1572 1416 1911 1476 sententiae
1952 1414 2103 1475 satis
2142 1416 2310 1476 facto
2342 1416 2419 1476 de
2447 1415 2656 1476 uerbis
2681 1417 3043 1488 uidendum,
3070 1415 3138 1476 in
3163 1416 3391 1495 quibus
3417 1415 3775 1477 uocatiuum
3815 1417 4133 1480 Baehrens

906 1508 1077 1568 haud
1101 1508 1369 1569 absurde
1397 1508 1792 1570 desiderauit.
1874 1510 2026 1568 haec
2050 1509 2331 1571 litterula
2356 1529 2485 1569 una
2511 1515 2776 1579 mutata,
2803 1509 3030 1571 lineola
3054 1510 3269 1570 addita
3306 1510 3396 1571 sic
3422 1509 3746 1571 emendata
3772 1510 4132 1571 exhibemus

907 1607 923 1631 ⁴
941 1601 1144 1661 inuste
1183 1600 1368 1661 not-51!
1449 1621 1671 1680 nempe
1709 1602 1991 1663 librarios
2031 1604 2354 1683 deceperat
2392 1603 2757 1682 exquisitior
2797 1603 3132 1664 accusatiui
3172 1624 3345 1674 usus,
3373 1603 3735 1682 Vergiliano
3775 1603 3871 1663 illi
3912 1611 3930 1638 ⁴
3954 1603 4134 1665 fiores

904 1693 1185 1774 inscripti
1234 1695 1487 1756 nomina
1531 1697 1788 1774 regum,'
1838 1716 1917 1756 ne
1958 1696 2198 1757 multus
2239 1697 2357 1758 sim
2399 1697 2468 1759 in
2509 1716 2575 1758 re
2613 1697 2874 1767 tritiore,
2924 1696 3296 1758 simillimus.
3378 1704 3395 1730 ⁸
3413 1702 3483 1757 at
3534 1697 3753 1775 putide
3807 1702 4134 1757 tres—una

904 1787 1067 1848 inter
1096 1809 1158 1849 se
1185 1788 1617 1868 opponuntur.'
1686 1790 1896 1860 immo,
1920 1791 1973 1850 si
2000 1792 2117 1862 uis,
2137 1791 2553 1870 putidissime,
2575 1791 2759 1852 modo
2785 1796 3002 1871 poetae
3029 1811 3170 1851 cum
3200 1790 3419 1852 Graeci
3445 1794 3583 1850 tum
3611 1791 3878 1850 Romani
3905 1791 4135 1852 totiens

905 1880 970 1941 in
997 1883 1163 1943 hunc
1201 1884 1455 1943 modum
1490 1884 1762 1945 numeris
1798 1884 2081 1955 luserint,
2106 1887 2293 1945 modo
2334 1885 2697 1963 Propertius
2738 1886 2870 1963 ipse
2909 1885 3006 1945 ita
3032 1884 3256 1944 dixerit
3283 1892 3299 1916 ⁴
3320 1903 3465 1944 una
3490 1884 3740 1945 decem
3766 1883 3918 1944 uicit
3944 1884 4135 1945 missa

907 1976 1138 2053 sagitta
1157 1969 1354 2036 'rates’
1379 1977 1474 2037 IV
1493 1977 1556 2035 vi
1577 1977 1673 2037 68.
1729 1976 1873 2038 hinc
1894 1977 2162 2038 alterum
2183 1978 2485 2038 habemus
2512 1978 3054 2039 Lachmannianae
3080 1977 3461 2039 traiectionis
3487 1978 3965 2047 firmamentum,
3990 1998 4134 2038 cum

905 2068 1191 2129 uersibus
1227 2070 1590 2130 transeundi
1623 2069 1788 2130 inter
1816 2090 1879 2131 se
1917 2090 1990 2131 ea
2024 2090 2211 2131 causa
2246 2071 2439 2131 fuerit
2480 2072 2648 2152 quod
2685 2077 2947 2150 uterque
2984 2070 3167 2149 plane
3195 2072 3407 2133 eodem
3433 2071 3736 2132 uocabulo
3762 2070 4133 2131 terminatus

906 2162 1004 2222 sit.
1087 2183 1230 2223 cum
1270 2163 1567 2243 Pompeio
1594 2163 2029 2242 transegimus,
2058 2167 2140 2226 ad
2175 2165 2570 2246 Cleopatram
2598 2160 3005 2227 reuertamur.
3089 2185 3385 2227 uersuum
3415 2166 3513 2238 39,
3544 2166 3640 2236 36,
3670 2166 3870 2235 40-46,
3901 2166 4132 2245 quibus

902 2257 1147 2334 reginae
1201 2258 1372 2317 illius
1426 2258 1710 2335 tangitur
1764 2259 2069 2337 superbia,
2114 2260 2341 2321 ultimo
2394 2261 2671 2321 numeris
2725 2259 3099 2320 claudicanti
3153 2258 3485 2338 dupliciter
3539 2259 3931 2328 succurritur,
3985 2278 4128 2318 cum

906 2351 1080 2410 ‘dare
1100 2349 1190 2410 et'
1215 2377 1267 2419 ς,
1289 2351 1462 2410 dares
1477 2350 1726 2410 Palmer
1745 2353 2200 2414 emendauerit:
2232 2353 2543 2414 difficilem
2572 2354 2929 2415 electionem
2946 2352 3291 2414 mehercule
3311 2352 3434 2413 nisi
3451 2353 3676 2413 Sextus
3693 2352 3826 2431 ipse
3853 2350 4127 2430 ‘fugisti’

906 2444 1133 2521 scripto
1161 2443 1341 2504 alteri
1368 2443 1704 2503 adnuisset.
1789 2449 1928 2504 tum
1955 2466 2016 2505 u.
2039 2446 2217 2506 51-58
2246 2447 2329 2506 ad
2354 2467 2417 2506 u.
2447 2447 2527 2506 46
2557 2447 2757 2507 redire
2776 2452 2940 2507 recte
2962 2446 3137 2507 iubet
3163 2444 3512 2505 Housman.
3595 2445 3934 2505 sententiae
3962 2445 4129 2506 enim

902 2538 1065 2597 inter
1105 2556 1170 2597 se
1203 2537 1527 2597 cohaerent
1565 2536 1833 2597 uinculis
1874 2538 2239 2600 artissimis:
2284 2540 2587 2619 ‘superba
2620 2560 2796 2613 eras3
2840 2545 3041 2599 tamen
3081 2537 3328 2616 fugisti,
3358 2538 3571 2598 uincta
3597 2556 3681 2607 es,
3709 2538 3777 2597 in
3811 2537 4131 2617 triumpho

902 2632 1091 2691 ducta
1117 2629 1219 2690 es!
1302 2636 1441 2690 tum
1467 2630 1705 2709 pergit:
1751 2639 1766 2663 ⁴
1785 2631 1904 2691 hoc
1938 2651 2065 2692 non
2101 2633 2305 2713 accepi
2332 2634 2413 2694 ab
2454 2633 2593 2694 aliis
2636 2633 2745 2694 sed
2784 2633 2918 2713 ipse
2957 2630 3276 2713 spectaui.’
3361 2632 3528 2711 quod
3558 2632 3869 2711 quomodo
3895 2633 4129 2693 uiderit

899 2725 972 2795 is,
1003 2725 1083 2785 ab
1110 2724 1309 2785 Dione
1335 2725 1551 2785 Cassio
1578 2725 1884 2785 docemur.
1966 2726 2297 2805 Augustus
2325 2728 2512 2798 enim,
2542 2747 2685 2788 cum
2723 2727 2799 2788 de
2827 2727 3155 2806 Cleopatra
3182 2746 3307 2787 non
3335 2732 3563 2805 posset,
3593 2727 3670 2787 de
3698 2725 3968 2804 imagine
3995 2727 4128 2787 eius

900 2817 1332 2896 triumphauit.
1417 2823 1605 2896 atque
1658 2818 1772 2877 hoc
1826 2820 2079 2896 quidem
2133 2820 2413 2898 iniquius
2468 2820 2570 2881 hic
2616 2820 2767 2880 fecit
2813 2821 2924 2900 qui
2971 2820 3224 2881 tacitam
3273 2818 3710 2881 circumduxit:
3776 2819 3934 2899 quid
3979 2840 4130 2881 uero

902 2914 998 2973 illi
1025 2914 1134 2993 qui
1155 2915 1306 2974 dum
1330 2913 1505 2973 ‘fuit'
1525 2914 1590 2971 in
1610 2913 1758 2972 ‘fui'
1777 2933 1839 2972 u.
1861 2916 1937 2974 55
1960 2915 2319 2984 immutant,
2344 2915 2528 2975 ‘dixit
2551 2914 2642 2975 et’
2666 2914 2990 2984 relincunt,
3010 2932 3248 2975 ceream
3271 2932 3519 2992 quoque
3545 2912 3881 2989 imaginem
3911 2911 4129 2973 laudes

899 3006 1032 3067 eius
1074 3026 1289 3066 sonare
1330 3004 1705 3083 coegerunt?
1747 3006 1848 3065 his
1883 3007 2134 3086 ineptiis
2175 3008 2396 3069 merito
2436 3008 2678 3069 reiectis
2720 3008 3035 3069 Baehrens
3075 3012 3238 3067 recte
3277 3026 3390 3085 pro
3418 3014 3434 3039 ⁸
3451 3006 3568 3066 hoc
3583 3005 3599 3033 '
3629 3008 3774 3066 haec
3814 3006 4049 3084 accepit
4085 3026 4125 3068 a

903 3127 956 3168 ς,
999 3119 1126 3159 non
1181 3106 1342 3159 recte
1393 3099 1558 3158 idem
1613 3106 1629 3132 ‘
1646 3104 1711 3159 et
1751 3099 1925 3160 ducis
1942 3100 1957 3127 ’
2000 3102 2080 3162 ab
2121 3102 2404 3172 HeinsiO,
2451 3103 2864 3164 coniecturam
2909 3108 2974 3164 et
3027 3101 3500 3180 languidiorem,
3550 3119 3693 3160 cum
3742 3105 3923 3161 uacet
3969 3100 4127 3161 illud

904 3200 920 3225 ⁶
940 3191 1113 3252 ducis
1130 3193 1167 3261 ’,
1208 3197 1272 3252 et
1328 3190 1758 3251 subaudacem.
1867 3193 2146 3255 faciliora
2200 3215 2313 3256 nos
2366 3195 2487 3255 tibi
2539 3195 2993 3275 praestabimus
3048 3194 3385 3255 dummodo
3441 3194 3766 3272 intellegas
3833 3194 3984 3255 haec
4051 3195 4130 3255 dc

901 3286 1261 3365 Cleopatrae
1286 3286 1473 3346 exitio
1500 3286 1576 3346 de
1605 3286 1805 3345 salute
1831 3287 2065 3348 Romae
2094 3289 2170 3348 de
2196 3289 2473 3366 Augusti
2514 3288 2807 3349 laudibus
2849 3289 3038 3349 etiam
3073 3289 3283 3368 aptius
3323 3288 3434 3348 illa
3460 3292 3827 3366 tempestate
3853 3288 3976 3348 dici
4003 3308 4131 3368 qua

899 3381 1097 3460 ipsius
1135 3380 1363 3458 species
1403 3379 1469 3440 in
1501 3379 1819 3459 triumpho
1860 3381 2378 3442 circumferretur.
2463 3381 2615 3460 quid
2655 3381 2903 3442 multa?
2934 3383 3068 3459 fait
3108 3383 3467 3453 retinemus,
3497 3383 3627 3442 dixi
3653 3388 3761 3442 aut
3789 3385 4131 3444 mutatione

899 3475 1198 3536 facillima
1224 3474 1569 3534 scribimus.
1652 3473 1769 3534 hoc
1796 3474 1932 3553 ipso
1951 3474 2215 3536 Ouidius
2231 3475 2425 3535 uerbo
2453 3481 2807 3536 narrantem
2828 3495 2892 3536 se
2911 3475 3152 3536 inducit
3172 3495 3245 3536 ea
3268 3495 3428 3554 quae
3450 3474 3785 3553 spectaculi
3805 3475 4128 3536 cuiusdam

900 3570 1144 3630 nouitas
1185 3569 1382 3629 menti
1422 3567 1903 3648 cogitationique
1945 3568 2306 3630 subiecisset
2350 3569 2520 3646 (Met.
2549 3570 2716 3630 VIII
2749 3567 2867 3629 724
2894 3590 2984 3649 sq.
3019 3573 3118 3631 Tr.
3146 3571 3204 3630 V
3233 3571 3289 3631 8.
3322 3570 3429 3647 12)
3453 3593 3468 3642 ;
3513 3589 3712 3649 neque
3738 3589 3778 3631 a
3803 3569 4127 3649 Propertio

901 3664 1102 3724 aliena
1141 3664 1289 3724 haec
1317 3662 1566 3732 locutio,
1598 3662 1707 3741 qui
1746 3663 1934 3722 etiam
1963 3663 2039 3723 de
2065 3663 2283 3723 futura
2322 3683 2389 3725 re
2423 3663 2581 3724 dixit
2617 3664 2653 3723 I
2681 3665 2738 3724 8.
2769 3664 2847 3723 25
2875 3673 2891 3697 ⁴
2910 3669 2973 3724 et
3000 3665 3196 3724 dicam
3213 3687 3232 3722 .·
3273 3663 3420 3723 licet
3445 3661 3716 3723 Atraciis
3750 3663 4032 3723 considat
4060 3663 4128 3724 iu

899 3760 1024 3819 oris
1061 3755 1069 3839 Ι
1105 3762 1167 3818 et
1195 3757 1338 3817 licet
1357 3756 1635 3835 Hylaeis,
1658 3756 1766 3815 illa
1791 3757 2010 3816 futura
2036 3776 2174 3816 mea
2200 3756 2333 3816 est!
2401 3775 2655 3816 uersum
2684 3758 2763 3816 56
2792 3757 3051 3836 excipiat
3077 3777 3139 3817 u.
3170 3758 3267 3826 58,
3296 3761 3626 3835 corruptus
3656 3757 3816 3817 sicut
3841 3757 4126 3818 Palmero

900 3853 1027 3912 iam
1069 3852 1244 3910 uisus
1284 3855 1398 3919 est,
1428 3850 1539 3929 qui
1579 3855 1789 3910 tamen
1832 3849 2021 3908 nimis
2061 3850 2351 3910 audacter
2379 3859 2394 3883 ‘
2414 3856 2599 3930 turpe
2617 3850 2632 3878 '
2663 3870 2776 3929 pro
2815 3860 2830 3884 ⁴
2852 3851 3057 3911 Marte
3074 3851 3089 3878 ’
3121 3850 3392 3912 coniecit.
3480 3870 3627 3910 nam
3666 3870 3833 3910 nunc
3874 3851 4127 3930 quidem

898 3950 1184 4026 pugnant
1199 3942 1310 4002 illa
1326 3942 1934 4003 ‘femineas—minas
1959 3943 2188 4002 timuit’
2211 3950 2275 4004 et
2297 3944 2532 4005 ‘Marte
2553 3946 2765 4004 territa
2781 3944 2796 3971 ’
2809 3970 2832 4014 ;
2862 3951 2929 4005 at
2956 3964 3082 4005 non
3107 3944 3481 4023 pugnabunt
3508 3944 3562 4003 si
3593 3943 3859 4004 sublatis
3880 3944 4125 4005 mendis

899 4039 1142 4100 duobus
1189 4036 1468 4097 leuiculis
1516 4041 1579 4096 et
1631 4037 1997 4115 uulgaribus
2045 4038 2244 4097 Mna-te
2289 4059 2431 4098 cum
2473 4038 2739 4115 feminco
2785 4058 2897 4099 suo
2949 4039 3096 4114 (Ou.
3139 4039 3280 4099 Met.
3323 4037 3462 4097 XII
3511 4037 3658 4114 610)
3712 4037 4119 4107 conjunxeris,

902 4132 1172 4193 extimuit
1199 4149 1348 4190 uero
1376 4149 1517 4190 cum
1545 4131 1743 4189 minas
1765 4156 1783 4190 .-
1825 4130 2125 4190 nimirum
2151 4131 2353 4192 minas
2382 4132 2690 4201 extimuit,
2719 4151 2844 4191 non
2871 4131 3162 4201 Martem,
3193 4149 3353 4209 quae
3375 4128 3645 4189 femineo
3673 4129 3879 4190 Marte
3905 4130 4125 4191 territa

900 4233 1010 4287 est.
1117 4224 1182 4282 in
1227 4222 1627 4301 sequentibus
1670 4222 1828 4282 illud
1865 4224 2089 4284 tenebo
2130 4225 2299 4302 quod
2337 4225 2404 4283 in
2456 4224 2776 4304 Propertio
2825 4224 3208 4286 emendando
3254 4243 3492 4302 semper
3531 4223 3988 4283 obseruandum
4028 4229 4123 4284 est

898 4318 1157 4396 Σπάρτην
1212 4318 1437 4396 ἔλαχες·
1490 4316 1701 4388 ταύτην
1755 4318 1971 4392 κόσμει,
2025 4335 2224 4395 neque
2278 4317 2454 4378 hiare
2518 4337 2662 4379 eum
2730 4324 2972 4398 praeter
3023 4317 3449 4379 necessitatem
3503 4336 3731 4395 ponam
3785 4336 3986 4395 neque
4039 4316 4122 4377 ad

898 4411 1389 4476 Baehrensianas
1441 4409 1545 4470 uel
1598 4409 2032 4470 Muellerianas
2078 4410 2219 4469 illas
2263 4411 2563 4481 stellulas,
2609 4412 2752 4490 plus
2800 4411 3197 4472 tenebrarum
3245 4429 3435 4489 quam
3480 4409 3636 4469 lucis
3680 4409 4121 4480 ministrantes,

900 4507 1236 4584 defugiam.
1320 4524 1392 4564 ac
1417 4504 1619 4582 primo
1647 4503 1806 4564 illud
1833 4503 1979 4581 quid
2003 4523 2164 4562 mmo
2204 4524 2243 4564 a
2278 4524 2402 4584 quo
2442 4505 2661 4584 incipit
2700 4525 2761 4565 u.
2790 4505 2871 4566 47
2898 4504 3164 4565 alterum
3204 4523 3366 4563 nunc
3401 4505 3495 4580 (u.
3523 4500 3628 4580 67)
3658 4503 3740 4564 ad
3768 4523 3831 4564 se
3857 4509 4122 4572 reuocat,

900 4621 1099 4679 neque
1126 4599 1192 4658 in
1221 4618 1395 4658 mora
1422 4618 1525 4658 ero
1554 4597 1707 4677 quin
1733 4603 1868 4671 eat;
1911 4601 2051 4656 tum
2070 4617 2177 4657 uu.
2202 4597 2300 4667 59,
2325 4599 2558 4659 601000
2585 4599 2880 4678 proxim0,
2911 4600 3071 4658 sicut
3099 4597 3401 4659 suadebat
3423 4595 3830 4665 Passeratius,
3857 4596 4126 4675 ponendi

899 4698 1050 4751 sunt
1103 4695 1215 4750 aut
1269 4688 1611 4750 docendum
1658 4688 1780 4749 alio
1826 4690 2145 4769 pertinere.
2259 4692 2465 4752 iamne
2518 4693 2697 4753 uides
2752 4697 3049 4771 quattuor
3101 4690 3388 4752 uersibus
3446 4689 3831 4768 interpositis
3886 4695 4121 4768 quanto

899 4784 1220 4845 neruosius
1260 4784 1487 4843 euadat
1535 4783 1694 4843 illud
1740 4791 1755 4814 ⁴
1777 4783 1829 4842 si
1875 4784 2097 4845 mulier
2135 4786 2433 4864 patienda
2476 4786 2602 4846 fuit
2618 4784 2683 4846 Ῥ
2737 4786 2915 4847 uides
2969 4790 3134 4846 certe
3182 4783 3547 4862 Hauptiano
3600 4783 3667 4843 in
3719 4802 3782 4843 u.
3832 4783 3908 4843 61
3959 4802 4120 4843 com-

897 4884 1110 4938 mento
1162 4887 1177 4911 ⁴
1202 4877 1427 4937 statuit
1478 4876 1782 4937 lamenta'
1839 4877 1965 4936 iam
2020 4879 2178 4938 nihil
2233 4899 2389 4959 opus
2444 4899 2596 4940 esse.
2679 4885 2823 4959 post
2866 4880 2945 4939 50
2988 4879 3360 4939 reducentur
3409 4877 3486 4936 65
3536 4882 3600 4936 et
3643 4876 3720 4935 66
3769 4876 3880 4955 qui
3919 4882 3983 4937 et
4020 4875 4121 4938 hic

898 4971 1204 5052 aptissimi
1256 4976 1404 5030 sunt
1464 4971 1509 5046 (ι
1531 4969 1597 5029 di
1618 4969 1634 4995 ’
1687 4969 1853 5029 enim
1902 4968 2263 5048 Augustum
2318 4979 2529 5052 aperte
2585 4974 2962 5051 significant)
3021 4978 3085 5033 et
3138 4971 3266 5032 illic
3320 4969 3844 5030 monimentorum
3901 4970 4118 5030 seriem

897 5065 1447 5143 interrumpebant.
1529 5063 1775 5140 iamque
1803 5063 2010 5123 omnia
2049 5064 2453 5133 absoluimus,
2480 5065 2604 5125 nisi
2643 5067 2806 5126 forte
2834 5068 3165 5144 quaeretur
3198 5063 3310 5123 ubi
3342 5062 3690 5122 definienda
3724 5063 3808 5122 sit
3835 5062 4119 5142 Properti

897 5160 1008 5220 illa
1034 5158 1248 5219 oratio.
1303 5157 1386 5216 ad
1404 5157 1521 5216 hoc
1541 5156 1814 5216 breuiter
1834 5158 2330 5235 respondendum
2354 5184 2368 5232 ;
2406 5161 2624 5220 eadem
2639 5159 3000 5238 Propertius
3028 5156 3332 5218 sentiebat
3352 5175 3510 5234 quae
3535 5160 3807 5216 senserat
3832 5154 4119 5235 idemque

897 5252 1063 5313 dixit
1103 5257 1168 5312 et
1206 5270 1365 5330 quae
1408 5250 1567 5310 dixit
1609 5250 1816 5319 refert,
1844 5255 1919 5310 ut
1951 5251 2147 5330 possit
2187 5252 2385 5313 oratio
2424 5252 2559 5313 eius
2600 5273 2660 5314 u.
2707 5253 2805 5323 50,
2833 5252 3030 5331 possit
3071 5269 3316 5331 quoque
3356 5268 3419 5308 u.
3467 5246 3542 5308 72
3586 5246 3947 5309 terminari.²
4031 5247 4120 5308 sic

1030 5430 1049 5462 ¹
1084 5429 1279 5482 similis
1300 5428 1396 5483 sed
1419 5427 1606 5496 paullo
1627 5426 1936 5481 intricatior
1957 5429 2100 5483 ratio
2121 5429 2178 5483 in
2206 5431 2289 5484 IV
2311 5430 2331 5483 i
2358 5435 2453 5485 135
2475 5449 2590 5500 sqq.
2616 5436 2806 5486 uatem
2829 5430 2977 5486 enim
3008 5430 3323 5500 loquentem
3353 5427 3568 5481 inducit
3599 5427 3932 5496 Propertius,
3958 5432 4117 5484 uates

898 5510 1231 5580 Apollinem,
1257 5508 1339 5562 ita
1360 5512 1547 5561 tamen
1571 5511 1635 5559 ut
1658 5507 1815 5561 Sexti
1837 5507 2009 5577 ipsius
2031 5509 2245 5563 dictata
2265 5514 2498 5579 uterque
2519 5510 2732 5566 reddat.
