4890 6561
1042 499 1108 550 34
2093 496 2262 549 SEX.
2312 492 2697 548 PROPERTI
2740 491 2890 546 LIB.
2937 492 3044 545 III
3081 493 3213 557 [IV]

1047 676 1147 712 nec
1170 675 1310 726 quae
1332 659 1407 711 sit
1429 659 1596 711 facies
1619 676 1718 711 nec
1741 676 1882 726 quae
1905 659 2016 711 sint
2038 661 2207 712 uerba
2228 659 2474 727 rogandi,

1113 725 1394 776 inuenias:
1432 741 1652 776 caecum
1677 734 1862 776 uersat
1885 731 2099 776 amator
2120 726 2241 776 iter.

1048 788 1191 856 quod
1217 789 1264 840 si
1286 789 1409 840 iura
1428 788 1569 840 fores
1593 806 1911 855 pugnasque
1933 790 2154 841 imitata
2180 791 2474 852 Laconum,

1113 853 1286 905 carior
1306 854 1407 905 hoc
1430 870 1574 906 esses
1600 860 1661 905 ιιι
1685 854 1836 915 mihi,
1864 855 2058 918 Roma,
2086 855 2243 907 bono·

1668 1060 1775 1111 XV
1810 1059 1994 1123 [XIV]

1049 1177 1138 1229 Sic
1161 1193 1262 1243 ego
1284 1193 1392 1227 non
1414 1175 1556 1226 ullos
1580 1175 1688 1226 iam
1713 1175 1888 1226 norim
1912 1174 1970 1226 in
1994 1191 2174 1226 amore
2199 1175 2494 1238 tumultus,

1115 1258 1213 1293 nec
1237 1242 1427 1292 ueniat
1449 1241 1566 1292 sine
1591 1245 1646 1292 te
1674 1257 1781 1291 nox
1807 1240 2088 1307 uigilanda
2111 1240 2279 1292 mihi:

1050 1306 1238 1358 fabula
1261 1306 1416 1356 nulla
1439 1310 1563 1356 tuas
1586 1306 1654 1357 de
1677 1305 1834 1356 nobis
1855 1305 2093 1356 concitet
2115 1321 2305 1357 aures:
2542 1316 2607 1369 45

1116 1376 1170 1422 te
1193 1371 1365 1421 solam
1389 1376 1446 1421 et
1470 1370 1632 1434 lignis
1655 1369 1862 1420 funeris
1884 1376 2043 1420 ustus
2066 1386 2258 1420 amem.
2542 1374 2608 1433 46

1048 1439 1112 1486 ut
1138 1435 1272 1485 mihi
1296 1435 1567 1501 praetexti
1592 1435 1765 1500 pudor
1787 1440 1872 1485 est
1893 1434 2145 1485 sublatus
2168 1434 2405 1485 amictus
2575 1449 2606 1499 3

1115 1506 1172 1551 et
1195 1500 1330 1551 data
1350 1499 1576 1550 libertas
1600 1515 1816 1550 noscere
1839 1498 2037 1549 amoris
2062 1499 2184 1560 iter,

1049 1564 1149 1616 illa
1170 1564 1331 1615 rudes
1353 1564 1563 1615 animos
1587 1579 1680 1629 per
1703 1570 1890 1614 noctes
1912 1563 2126 1614 conscia
2149 1563 2351 1629 primas
2577 1575 2606 1629 5

1115 1629 1296 1680 inbuit
1320 1629 1426 1680 heu
1450 1628 1616 1679 nullis
1638 1633 1799 1694 capta
1824 1628 2070 1695 Lycinna
2092 1628 2252 1679 datis.

1049 1693 1265 1753 tertius,
1295 1693 1441 1744 haud
1466 1692 1641 1743 multo
1663 1693 1845 1743 minus
1868 1699 1970 1754 est,
1997 1692 2106 1743 iam
2131 1692 2351 1744 ducitur
2372 1708 2584 1745 annus:

1117 1758 1211 1809 uix
1238 1757 1461 1809 memini
1483 1757 1638 1808 nobis
1660 1757 1830 1808 uerba
1851 1757 2019 1808 coisse
2042 1757 2242 1809 decem.

1049 1828 1249 1874 cuncta
1271 1827 1401 1873 tuus
1426 1839 1482 1873 se
1553 1822 1679 1873 liuit
1702 1839 1869 1883 amor,
1898 1839 1996 1873 nec
2019 1821 2224 1873 femina
2247 1827 2368 1888 post
2391 1827 2450 1873 te

1117 1887 1233 1939 ulla
1255 1887 1407 1939 dedit
1431 1903 1493 1938 co
1517 1887 1570 1938 lo
1593 1887 1777 1938 dulcia
1799 1887 1983 1938 uincla
2005 1903 2138 1938 mec.
2550 1901 2611 1937 10

1050 1958 1111 2004 at
1134 1957 1198 2004 tu
1224 1969 1330 2003 non
1354 1953 1604 2003 meritam
1630 1968 1819 2017 parcas
1843 1968 2045 2002 nexare
2071 1951 2113 2002 L
2153 1952 2402 2004 cinnam:
2542 1966 2608 2016 43

1117 2017 1290 2068 nescit
1313 2020 1500 2068 uestra
1523 2032 1686 2067 ruens
1711 2016 1791 2067 ira
1813 2016 2010 2067 referre
2035 2033 2100 2082 pe
2141 2032 2242 2067 em.
2541 2032 2609 2079 44

1052 2083 1209 2133 testis
1233 2082 1336 2133 erit
1360 2082 1521 2133 Dirce
1544 2086 1660 2132 tam
1683 2097 1829 2131 uano
1851 2081 2076 2132 crimine
2098 2098 2283 2142 saeua,
2551 2097 2568 2131 1
2585 2097 2602 2131 1

1117 2147 1358 2212 Nycteos
1382 2146 1657 2212 Antiopen
1682 2146 1998 2197 accubuisse
2022 2147 2181 2212 Lyco,

1051 2227 1085 2262 a
1106 2212 1361 2277 quotiens
1384 2210 1635 2276 pulchros
1658 2211 1830 2261 uulsit
1853 2210 2039 2277 regina
2060 2210 2304 2276 capilloS,

1116 2275 1409 2341 molliaque
1433 2276 1654 2326 inmites
1678 2275 1801 2326 fixit
1824 2275 1881 2325 in
1905 2292 1998 2326 ora
2020 2292 2215 2326 manus
2238 2281 2248 2326 !

1051 2355 1085 2390 a
1109 2341 1362 2406 quotiens
1383 2340 1648 2391 famulam
1671 2340 1852 2406 pensis
1875 2340 2126 2391 onerauit
2148 2339 2369 2405 iniquis,
2550 2351 2605 2406 15

1116 2409 1174 2455 ει
1196 2420 1261 2455 ca
1298 2409 1364 2455 ut
1386 2404 1441 2454 in
1466 2404 1603 2454 dura
1696 2420 1824 2454 nere
1846 2404 2007 2454 iussit
2031 2404 2196 2453 humo
2222 2409 2232 2454 !

1051 2484 1212 2544 saepe
1235 2421 1388 2518 illam
1411 2468 1601 2519 inmun
1643 2467 1688 2518 is
1712 2484 1872 2533 passa
1895 2473 1980 2519 est
2003 2468 2253 2519 habitare
2277 2468 2516 2520 tenebris
2535 2487 2551 2529 ;

1118 2532 1286 2583 uilem
1310 2532 1526 2583 ieiunae
1549 2548 1710 2598 saepe
1733 2532 1960 2597 negauit
1981 2548 2196 2598 aquam.

1052 2597 1315 2664 Iuppiter,
1343 2596 1618 2663 Antiopae
1641 2613 1743 2647 nus
1786 2613 1913 2648 uam
1934 2596 2200 2648 succurris
2222 2596 2451 2649 habenti

1116 2667 1203 2713 tot
1225 2661 1411 2713 mala?
1444 2662 1740 2727 corrumpit
1800 2678 1899 2713 ura
1921 2667 2116 2713 catena
2139 2678 2351 2714 manus.
2545 2677 2609 2713 2ο

1049 2727 1097 2778 si
1120 2727 1255 2778 deus
1279 2743 1353 2788 ω,
1381 2726 1484 2777 tibi
1507 2731 1665 2793 turpe
1689 2730 1843 2777 tuam
1869 2726 2072 2778 seruire
2095 2726 2350 2793 puellam.

1115 2792 1335 2843 inuocet
1358 2791 1596 2857 Antiope
1620 2807 1781 2857 quem
1804 2791 1908 2842 nisi
1932 2792 2121 2842 uincta
2146 2792 2371 2843 Iouem?

1051 2855 1169 2908 sola
1192 2862 1393 2916 tamen,
1420 2872 1795 2932 quaecumque
1818 2856 2049 2907 aderant
2071 2856 2127 2907 in
2152 2872 2368 2923 corpore
2392 2855 2556 2919 uires,

1116 2920 1323 2987 regales
1346 2920 1587 2972 manicas
1612 2926 1760 2997 rupit
1783 2926 2018 2988 utraque
2041 2937 2222 2972 manu.

1050 2985 1178 3037 inde
1202 2986 1543 3038 Cithaeronis
1569 2986 1763 3036 timido
1785 2986 1921 3051 pede
1945 2986 2110 3036 currit
2134 2986 2189 3036 in
2213 3001 2377 3037 arces.
2545 2997 2608 3051 25

1117 3067 1224 3101 nox
1250 3057 1386 3112 erat,
1414 3054 1469 3101 et
1493 3067 1677 3116 sparso
1701 3051 1858 3102 triste
1881 3050 2060 3101 cubile
2120 3050 2227 3101 elu.

1052 3131 1213 3180 saepe
1236 3132 1380 3181 uago
1402 3115 1571 3191 Asopi
1596 3116 1778 3167 sonitu
1802 3121 2050 3181 permota
2112 3115 2292 3167 uentis

1119 3179 1374 3231 credebat
1397 3179 1648 3231 dominae
1671 3196 1808 3245 pone
1833 3180 2021 3230 uenire
2045 3180 2222 3245 pedeS.

1052 3250 1109 3297 et
1133 3244 1327 3295 durum
1352 3243 1582 3296 Zethum
1609 3250 1672 3320 et·
1690 3243 1925 3296 lacrimis
1949 3243 2262 3321 Amphiona
2284 3244 2505 3297 mollem

1052 3314 1344 3435 ..03532323
1358 3315 1451 3423 3:⁵2:
1473 3309 2447 3447 ⁸3352332sstffssnzb53q‘tsrzffls0.u.,
2546 3324 2610 3375 ³⁰

1120 3437 1299 3488 Eurus
1321 3441 1387 3488 ut
1408 3453 1442 3487 a
1482 3453 1638 3488 uerso
1661 3435 1863 3488 desmit
1886 3437 1963 3487 ire
1988 3437 2150 3498 Noto,

1052 3501 1212 3553 litore
1235 3501 1312 3552 sic
1335 3502 1505 3553 tacito
1527 3501 1739 3553 sonitus
1762 3502 1985 3553 rarescit
2011 3501 2262 3563 harenae,

1118 3567 1196 3618 sic
1218 3566 1366 3618 cadit
1389 3565 1590 3617 inflexo
1613 3565 1767 3632 lapsa
1790 3566 1974 3633 puella
1993 3584 2155 3643 genu.

1052 3648 1173 3683 sera
1193 3636 1378 3683 tamen
1404 3631 1579 3708 pietas
1602 3633 1747 3682 natis
1772 3638 1829 3682 et
1851 3638 2100 3698 cognitus
2124 3649 2285 3684 error.
2545 3645 2607 3698 35

1118 3697 1280 3760 digne
1306 3698 1453 3748 Iouis
1476 3702 1636 3748 natos
1660 3697 1755 3762 qui
1778 3702 1969 3748 tueare
1992 3713 2175 3758 senex,

1052 3766 1114 3813 tu
1139 3761 1319 3813 reddis
1343 3761 1521 3827 pueris
1546 3767 1793 3822 matrem,
1823 3762 2083 3827 puerique
2108 3761 2431 3812 trahendam

1116 3826 1415 3877 uinxerunt
1439 3826 1636 3877 Dircen
1662 3826 1765 3876 sub
1788 3826 1956 3876 trucis
1979 3843 2074 3877 ora
2098 3826 2264 3877 bouis.

1054 3891 1311 3967 Antiope,
1339 3907 1597 3956 cognosce
1624 3891 1808 3941 Iouem
1830 3912 1841 3942 ε
1881 3890 1985 3941 tibi
2006 3890 2179 3966 gloria
2201 3891 2364 3943 Dirce

1119 3955 1337 4007 ducitur
1360 3956 1414 4006 in
1439 3955 1630 4005 multis
1654 3960 1880 4007 mortem
1903 3954 2158 4006 habitura
2181 3955 2325 4006 locis.
2542 3973 2611 4021 40

1052 4027 1211 4086 prata
1234 4025 1591 4071 cruentantur
1614 4020 1789 4081 Zethi,
1818 4020 2101 4086 uictorque
2124 4020 2355 4072 canebat

1122 4086 1341 4136 Paeana
1364 4085 1642 4151 Amphion
1666 4102 1816 4152 rupe,
1844 4086 2180 4152 Aracynthe,
2209 4090 2320 4136 tua.

1673 4291 1808 4342 XVI
1844 4292 1998 4355 [xv]

1054 4404 1179 4456 Nox
1204 4402 1401 4463 media,
1426 4406 1482 4453 et
1504 4402 1757 4454 dominae
1776 4402 1911 4454 mihi
1928 4403 2086 4455 uenit
2107 4403 2343 4469 epistula
2359 4411 2608 4460 nostrae:

1119 4468 1319 4519 Tibure
1343 4483 1428 4518 me
1453 4467 1620 4519 missa
1642 4467 1803 4519 iussit
1826 4468 2015 4519 adesse
2040 4485 2206 4528 mora,

1052 4533 1286 4584 candida
1307 4548 1419 4599 qua
1440 4532 1684 4598 geminas
1710 4532 2008 4584 ostendunt
2031 4533 2272 4588 culmina
2292 4539 2489 4599 turres,

1115 4603 1172 4650 et
1195 4598 1345 4649 cadit
1368 4597 1425 4648 in
1449 4598 1668 4664 patulos
1694 4598 1918 4665 lympha
1945 4598 2161 4650 Aniena
2182 4598 2349 4651 lacus.

1166 4743 1277 4789 xlv
1307 4745 1364 4788 31
1395 4746 1460 4790 ait
1479 4759 1525 4799 v,
1550 4746 1649 4791 sint
1670 4756 1727 4791 Ω.
1764 4745 1940 4802 faciles
1965 4745 2282 4804 ‘Commelini
2310 4742 2469 4793 liber.’
2527 4746 2586 4789 33
2612 4746 2856 4802 luemque
2883 4744 3133 4790 Fonteius.

2711 658 2844 726 quid
2867 657 3108 710 faciam?
3138 656 3392 709 obductis
3407 658 3748 709 committam
3771 673 3927 709 mene
3948 655 4205 720 tenebris,
4235 668 4263 721 5

2774 730 2840 775 ιιι
2863 723 3086 775 timeam
3108 723 3343 774 audaces
3365 723 3422 773 in
3447 739 3570 774 mea
3592 721 3833 774 membra
3856 727 4092 775 manus?

2708 793 2772 840 at
2792 788 2840 839 si
2863 787 3126 840 distulero
3149 787 3282 839 haec
3305 793 3487 838 nostro
3512 787 3772 838 mandata
3792 788 4007 848 timore,

2774 858 3039 904 nocturno
3063 853 3225 904 fletus
3246 852 3461 903 saeuior
3483 851 3638 903 hoste
3661 851 3811 902 mihi.

2708 933 2985 984 peccaram
3009 917 3193 979 semel,
3220 921 3278 968 et
3301 922 3478 968 totum
3503 933 3623 967 sum
3686 916 3837 967 ulsus
3860 916 3918 966 in
3942 931 4179 967 annum:

2772 983 2829 1033 in
2854 998 2941 1033 me
2963 986 3280 1033 mansuetas
3303 998 3410 1032 non
3435 981 3602 1033 habet
3627 982 3638 993 '
3666 981 3722 1032 la
3743 996 3952 1032 manus.
4205 993 4266 1030 10

2708 1063 2807 1099 nec
2824 1051 3011 1098 tamen
3030 1050 3116 1098 est
3171 1047 3440 1122 uisquam‚
3462 1063 3641 1115 sacros
3660 1046 3756 1111 qui
3777 1045 3965 1097 laedat
3984 1049 4260 1096 amantes:

2775 1112 3012 1163 Scironis
3033 1128 3087 1162 m
3160 1128 3214 1162 1a
3236 1127 3312 1161 suc
3335 1110 3462 1162 licet
3485 1110 3562 1162 ire
3584 1110 3694 1162 uia.

2707 1175 2954 1244 quisquis
2977 1181 3190 1227 amator
3211 1176 3333 1236 erit,
3361 1175 3633 1242 Scythicis
3657 1175 3786 1226 licet
3808 1173 4055 1225 ambulet
4077 1173 4215 1225 oris:

2772 1258 2931 1292 nemo
2953 1241 3108 1300 adeo,
3135 1247 3201 1292 ut
3223 1244 3434 1300 noceat,
3465 1240 3724 1291 barbarus
3747 1255 3864 1290 esse
3891 1239 4054 1290 uolet.

2707 1305 2971 1371 sanguine
2994 1311 3108 1356 tam
3133 1321 3302 1372 paruo
3319 1305 3442 1371 quis
3464 1304 3607 1356 enim
3627 1310 3916 1380 spargatur
3937 1302 4176 1355 amantis
4205 1317 4263 1365 19

2773 1370 3067 1437 improbus,
3094 1375 3152 1421 et
3174 1370 3329 1420 cuius
3352 1370 3427 1421 sit
3450 1386 3628 1420 comes
3650 1385 3769 1434 ipsa
3792 1369 4016 1419 Venus?
4199 1381 4264 1416 20

2707 1434 2842 1486 luna
2863 1435 3140 1486 ministrat
3162 1435 3284 1496 iter,
3311 1434 3689 1485 demonstrant
3710 1439 3861 1484 astra
3883 1433 4156 1492 salebras;
4205 1445 4261 1496 15

2771 1500 2887 1565 ipse
2909 1501 3080 1551 Amor
3103 1514 3358 1550 accensas
3381 1499 3652 1565 praecutit
3673 1504 3804 1550 ante
3827 1498 3974 1548 faces
3993 1517 4008 1558 ;

2706 1580 2874 1615 saeua
2895 1580 3090 1615 canum
3115 1564 3292 1614 rabies
3314 1580 3525 1614 morsus
3548 1562 3754 1614 auertit
3776 1562 4024 1614 hiantes:

2771 1629 2898 1680 huic
2920 1629 3104 1695 generi
3127 1628 3326 1695 quouis
3348 1633 3589 1693 ternpore
3612 1631 3739 1679 tuta
3761 1628 3856 1677 uia
3878 1632 3978 1678 est.

2707 1694 2851 1760 quod
2875 1694 2922 1744 si
2944 1700 3094 1744 certa
3116 1710 3263 1744 meos
3286 1709 3343 1743 se
3386 1700 3643 1743 uerentur
3665 1692 3861 1743 funera
3883 1707 4092 1753 cursus,
4200 1705 4256 1741 21

2773 1758 2903 1809 talis
2927 1775 3068 1809 mors
3092 1757 3266 1824 pretio
3289 1710 3379 1807 neq
3401 1758 3475 1808 sit
3498 1757 3727 1808 emenda
3752 1756 3902 1807 mihi.

2707 1822 2919 1874 adferet
2942 1824 3075 1874 haec
3098 1827 3382 1888 unguenta
3405 1822 3539 1872 mihi
3563 1821 3828 1887 sertisque
3851 1820 4195 1887 sepulchrum

2773 1888 2990 1939 ornabit
3013 1892 3195 1939 custos
3218 1886 3288 1937 ad
3313 1903 3435 1938 mea
3456 1887 3619 1938 busta
3639 1886 3848 1937 sedens.

2708 1952 2765 2003 di
2787 1952 3012 2012 faciant,
3041 1968 3163 2003 mea
3185 1968 3254 2003 ne
3277 1957 3425 2002 terra
3447 1951 3586 2002 locet
3609 1967 3732 2002 ossa
3753 1950 4046 2015 frequenti,
4200 1961 4259 2016 25

2773 2033 2884 2082 qua
2905 2016 3038 2067 facit
3061 2016 3281 2067 assiduo
3306 2017 3525 2067 tramite
3547 2016 3748 2081 uulgus
3772 2015 3889 2065 iter.

2707 2090 2831 2148 post
2855 2087 3082 2133 mortem
3108 2080 3307 2131 tumuli
3330 2081 3408 2131 sic
3431 2080 3769 2132 infamantur
3790 2082 4075 2130 amantum
4096 2099 4108 2130 ι

2773 2163 2860 2197 me
2884 2151 3039 2212 tegat
3061 2145 3288 2197 arborea
3310 2145 3473 2196 deuia
3495 2151 3640 2197 terra
3660 2161 3831 2204 coma,

2707 2215 2808 2262 aut
2830 2211 3022 2262 humer
3044 2211 3264 2275 ignotae
3287 2209 3521 2261 cumulis
3543 2209 3786 2261 uallatus
3809 2208 4075 2260 harenae:

2772 2292 2882 2327 non
2905 2276 3064 2327 iuuat
3085 2275 3143 2327 in
3167 2274 3347 2326 media
3370 2291 3565 2327 nomen
3590 2274 3787 2326 habere
3810 2273 3917 2324 uia.
4199 2286 4263 2337 30

3290 2483 3456 2535 xvn
3490 2482 3671 2548 [xvi]

2709 2597 2888 2658 Nunc,
2917 2612 2951 2647 o
2975 2596 3201 2659 Bacche,
3228 2596 3341 2648 tuis
3364 2596 3597 2648 humiles
3620 2595 3968 2647 aduoluimur
3989 2596 4129 2647 aris:

2772 2661 2844 2713 da
2866 2661 3002 2712 mihi
3025 2662 3273 2727 placatus
3295 2661 3424 2713 uela
3446 2661 3699 2721 secunda,
3728 2667 3896 2726 pater.

2708 2730 2772 2777 tu
2795 2732 2950 2792 potes
2972 2726 3197 2777 insanae
3222 2727 3449 2777 Veneris
3471 2742 3803 2792 compescere
3825 2725 4020 2786 fastu5‚

2771 2807 3133 2857 curarumque
3157 2799 3253 2841 tuo
3277 2792 3340 2841 fit
3362 2790 3632 2842 medicina
3656 2807 3815 2841 mero.

2708 2871 2803 2922 per
2824 2861 2881 2907 te
2904 2856 3224 2919 iunguntur,
3254 2872 3348 2931 per
3369 2862 3427 2907 te
3450 2855 3738 2906 soluuntur
3759 2859 4040 2907 amantes:
4230 2867 4258 2920 5

2772 2925 2837 2971 ιιι
2860 2920 3063 2971 uitium
3087 2936 3154 2971 ex
3179 2936 3362 2971 annno
3384 2920 3550 2980 dilue,
3580 2920 3806 2979 Bacche,
3833 2935 3968 2971 mee.

2709 2990 2765 3037 te
2788 3002 2895 3051 quo
2934 3001 3003 3035 ue
3025 2985 3170 3036 enim
3195 3001 3301 3035 non
3327 3001 3443 3036 esse
3466 2984 3653 3035 rudem
3681 2989 3918 3036 testatur
3938 2984 3996 3034 in
4019 2985 4180 3036 astris

2775 3049 2920 3116 lynci
2959 3066 3025 3099 us
3048 3049 3120 3100 ad
3143 3048 3354 3101 caelum
3378 3055 3540 3101 uecta
3562 3049 3809 3100 Ariadna
3831 3049 3954 3100 tuis.

2709 3114 2811 3165 hoc
2833 3113 2985 3176 mihi,
3012 3114 3156 3181 quod
3181 3119 3393 3166 ueteres
3416 3114 3655 3165 custodit
3677 3114 3732 3164 in
3758 3114 3967 3164 ossibus
3989 3113 4159 3179 ignes,

2774 3178 2970 3230 funera
2991 3179 3267 3229 sanabunt
3290 3183 3388 3230 aut
3410 3184 3511 3231 tua
3533 3179 3666 3229 uina
3688 3177 3908 3230 malum.
4201 3192 4260 3229 ιο

2709 3260 2920 3311 semper
2941 3244 3085 3295 enim
3110 3260 3314 3295 uacuos
3336 3260 3444 3295 nox
3468 3243 3647 3295 sobria
3669 3247 3887 3310 torquet
3909 3247 4158 3295 amantes

2772 3326 3002 3385 spesque
3024 3310 3295 3375 timorque
3318 3309 3502 3360 animo
3524 3313 3709 3360 uersat
3732 3315 3964 3374 utroque
3986 3324 4145 3373 uago.

2708 3374 2854 3440 quod
2876 3391 2941 3434 si,
2971 3374 3197 3435 Bacche,
3229 3374 3341 3424 tuis
3363 3391 3457 3440 per
3480 3373 3691 3424 feruida
3715 3378 3959 3439 tempora
3980 3373 4136 3424 donis

2773 3439 3065 3489 accersitus
3090 3439 3194 3490 erit
3217 3455 3437 3489 somnus
3460 3439 3517 3489 in
3541 3454 3664 3488 ossa
3687 3454 3825 3498 mea,

2708 3501 2823 3569 ipse
2845 3519 3021 3554 seram
3046 3503 3190 3554 uites
3213 3519 3555 3569 pangamque
3579 3519 3646 3553 ex
3669 3502 3858 3554 ordine
3880 3502 4039 3564 coles,
4201 3515 4259 3568 15

2774 3584 2910 3633 quos
2933 3573 3158 3634 carpant
3183 3568 3365 3619 nullae
3390 3584 3476 3618 me
3500 3566 3766 3631 uigilante
3788 3567 3949 3619 ferae.

2708 3632 2839 3683 dum
2864 3633 3023 3683 modo
3048 3649 3312 3699 purpureo
3335 3632 3600 3683 cumulem
3626 3632 3761 3682 mihi
3785 3631 3934 3682 dolia
3955 3636 4152 3692 must0‚

2774 3702 2830 3748 et
2850 3712 2996 3748 noua
3018 3697 3312 3763 pressantis
3335 3697 3584 3763 inquinet
3608 3713 3717 3747 uua
3741 3696 3921 3763 pedes,

2709 3761 2853 3829 quod
2876 3769 3123 3837 superest
3145 3762 3314 3822 uitae,
3342 3778 3435 3827 per
3460 3769 3515 3812 te
3539 3767 3594 3812 et
3619 3767 3717 3812 tua
3740 3778 3942 3812 cornua
3965 3761 4170 3822 uiuam,

2773 3826 3107 3893 uirtutisque
3131 3831 3275 3888 tuae,
3306 3826 3531 3887 Bacche,
3560 3832 3720 3893 poeta
3743 3825 3896 3877 ferar.
4198 3839 4264 3876 20

2709 3891 2885 3943 dicam
2910 3908 3010 3957 ego
3033 3897 3305 3942 maternos
3327 3890 3577 3942 Aetnaeo
3598 3890 3828 3942 fulmine
3850 3896 4059 3957 partus,

2777 3955 2967 4007 Indica
2991 3956 3223 4022 Nysaeis
3246 3972 3400 4007 arma
3421 3955 3612 4020 fugata
3634 3955 3826 4016 chori&

2710 4036 3083 4086 uesanumque
3109 4037 3253 4071 noua
3274 4020 3606 4086 nequiquam
3629 4020 3685 4070 in
3711 4020 3828 4071 uite
3854 4020 4177 4085 Lycurgum,

2779 4086 3050 4137 Pentheos
3074 4085 3130 4135 in
3155 4085 3395 4150 triplices
3419 4085 3612 4136 funera
3634 4090 3793 4150 rapta
3814 4101 4021 4150 greges,

2712 4165 2987 4216 curuaque
3011 4149 3317 4216 Tyrrhenos
3341 4148 3657 4224 delphinum
3682 4166 3904 4215 corpora
3927 4153 4127 4200 nautas
4202 4161 4262 4214 25

2776 4215 2833 4265 in
2856 4214 3003 4266 uada
3060 4215 3314 4280 ampinea
3335 4213 3618 4265 desssuisse
3642 4219 3776 4274 rate,

2711 4283 2771 4334 et
2794 4279 2896 4331 tibi
2919 4296 3014 4345 per
3091 4279 3177 4330 iae
3202 4278 3336 4330 bene
3359 4278 3565 4330 olentia
3587 4278 3814 4329 flumina
3835 4293 3987 4339 saxa,

2777 4344 2922 4395 unde
2948 4348 3104 4394 tuum
3128 4349 3322 4419 potant
3346 4343 3530 4394 Naxia
3554 4343 3715 4393 turba
3740 4359 3961 4394 merum.

2712 4408 2946 4459 candida
2969 4408 3171 4459 laxatis
3194 4413 3419 4459 onerato
3441 4407 3581 4459 colla
3603 4408 3870 4473 corymbis

2778 4473 2961 4539 cinget
2985 4472 3295 4523 Bassaricas
3319 4471 3494 4539 Lydia
3516 4473 3678 4523 mitra
3701 4488 3916 4532 comas3
4200 4485 4265 4536 30

2713 4537 2852 4589 leuis
2875 4538 3101 4589 odorato
3124 4538 3307 4588 ceruix
3332 4538 3582 4588 manabit
3604 4536 3767 4597 oliu0,

2779 4609 2836 4654 et
2858 4602 3017 4654 feries
3039 4602 3214 4653 nudos
3237 4608 3393 4654 ueste
3417 4602 3618 4653 fluente
3642 4601 3821 4667 pedes.

3256 4742 3343 4787 XV
3374 4744 3402 4787 1
3435 4744 3594 4789 nullos
3621 4743 3806 4790 DFV¹
3825 4744 3896 4801 (2).
3961 4745 3990 4787 3
4014 4748 4267 4800 praetexta

1018 4837 1035 4846 .
1050 4804 1108 4850 Ο.
1157 4805 1346 4850 uelatus
1365 4813 1423 4859 Ω,
1451 4805 1695 4850 releuatus
1715 4804 1964 4851 Fonteine.
2010 4807 2198 4851 amicus
2218 4805 2258 4850 F
2274 4806 2336 4852 N.
2400 4806 2430 4848 5
2450 4804 2567 4850 fort.
2592 4805 2818 4860 Cynthia,
2841 4819 2918 4860 pr.
2944 4803 3006 4850 cf.
3034 4804 3057 4848 1
3079 4803 3152 4849 12.
3176 4802 3220 4850 2.
3284 4804 3313 4846 7
3334 4804 3436 4848 iam
3458 4818 3559 4859 nos,
3585 4817 3693 4849 eum
3714 4813 3771 4849 Ω.
3836 4803 3894 4846 11
3916 4816 4027 4848 nou.
4052 4802 4115 4848 el.
4133 4803 4184 4848 in
4201 4812 4261 4847 Ω.

1052 4877 1183 4909 uano
1204 4863 1261 4908 R.
1288 4862 1459 4918 Franz,
1486 4877 1598 4907 uero
1618 4873 1675 4908 Ω.
1741 4864 1800 4906 13
1830 4865 1984 4910 vulsit
2005 4863 2123 4910 Rob.
2149 4865 2323 4920 Titius,
2348 4865 2473 4910 ussit
2493 4873 2551 4910 Ω.
2615 4864 2677 4906 14
2706 4865 2954 4909 inmittens
2975 4872 3008 4908 Φ
3028 4862 3091 4908 N.
3157 4862 3215 4905 15
3245 4860 3602 4919 inp(imp)emi⁸
3622 4862 3679 4908 O.
3744 4862 3801 4903 21
3832 4866 3898 4906 est
3919 4870 3976 4906 Ω.

4041 4861 4265 4907 ”uicta

1052 4931 1109 4967 Ω.
1175 4921 1235 4965 27
1255 4920 1457 4978 (amopi
1477 4931 1509 4965 Φ
1528 4922 1589 4967 N.
1656 4923 1715 4966 30
1734 4922 1915 4967 tabulis
1934 4933 1991 4968 Ω.
2048 4924 2105 4966 31
2125 4928 2177 4968 at
2199 4932 2247 4968 Φ.
2305 4924 2362 4967 32
2382 4928 2437 4968 ut
2457 4920 2611 4968 Jacob
2631 4921 2736 4977 (ubi
2755 4920 2940 4977 Lach.),
2964 4922 3020 4968 in
3041 4921 3100 4974 O,
3126 4920 3211 4966 sub
3231 4921 3294 4966 N.
3338 4921 3764 4967 aduersos—notos
3783 4920 3842 4974 O,
3867 4919 3981 4964 fort.
4007 4920 4259 4965 aduersus.

1051 4980 1111 5023 34
1141 4981 1185 5026 εἰ
1216 4980 1273 5026 O.
1339 4981 1398 5024 8³
1428 4985 1495 5025 est
1521 4990 1579 5035 Ω,
1612 4980 1728 5026 fort.
1763 4986 1936 5026 nwtast
1966 4980 2066 5037 (uel
2095 4980 2267 5036 ortast)
2298 4986 2354 5027 et.
2399 4982 2518 5027 ordo
2538 4981 2600 5026 D.
2662 4981 2724 5023 41
2747 4985 2901 5037 parta
2922 4990 2979 5025 Ω.
3021 4980 3170 5024 Zetho
3189 4978 3269 5024 uel
3291 4980 3470 5025 Zethus
3491 4997 3537 5035 τ,
3564 4979 3720 5024 Zacae
3742 4978 3893 5024 Palm.
3957 4979 4032 5034 43,
4063 4979 4126 5021 44
4154 4983 4266 5037 post

1050 5039 1111 5083 10
1129 5043 1316 5096 transp.
1341 5038 1501 5096 Volpi.
1567 5040 1640 5094 45,
1664 5040 1725 5083 46
1755 5043 1866 5098 post
1885 5041 1914 5083 2
1936 5043 2119 5099 transp.
2147 5040 2284 5086 Otto.
2347 5040 2408 5084 45
2438 5040 2617 5085 conciet
2637 5048 2691 5084 A.
2813 5037 2923 5081 XVI
2952 5039 2984 5081 4
3011 5038 3224 5094 nympha
3247 5048 3306 5096 Ω,
3331 5052 3449 5083 corr.
3476 5037 3510 5084 f.
3577 5038 3605 5081 7
3634 5038 3750 5082 haec
3769 5038 3882 5082 dist.
3918 5036 3976 5083 O.
4041 5038 4071 5081 9
4096 5042 4268 5093 portus

1050 5097 1113 5143 N.
1179 5098 1235 5141 11
1267 5097 1419 5142 laedit
1446 5098 1504 5144 O.
1550 5100 1595 5143 ει·
1624 5099 1654 5143 l.
1694 5098 1752 5153 Ο,
1787 5099 1964 5144 scilieet
1992 5099 2055 5145 N.
2131 5100 2204 5153 13,
2240 5099 2301 5141 14
2330 5098 2478 5145 habet
2505 5098 2647 5143 inser.
2686 5098 2853 5154 Pomp.
2890 5097 2944 5144 O.
2980 5097 3019 5142 1.
3057 5097 3109 5142 L.
3146 5095 3221 5141 lv
3250 5111 3299 5143 n.
3336 5096 3465 5142 1950.
3520 5096 3745 5152 Scythiae
3772 5095 3915 5141 inser.
3949 5096 4003 5143 P.
4057 5097 4265 5141 ambulet

1051 5156 1193 5201 inser.
1219 5156 1272 5200 P.
1293 5169 1339 5210 v,
1374 5156 1589 5202 ambulat
1611 5166 1669 5202 Ω.
1734 5158 1794 5200 12
1822 5157 1941 5203 adeo
1970 5157 2112 5203 inser.
2149 5158 2223 5213 Ρ.,
2247 5158 2334 5203 deo
2356 5167 2412 5204 Ω.
2455 5162 2511 5203 ut
2533 5156 2691 5214 feriat
2721 5156 2862 5202 inser.
2889 5156 2942 5201 P.
3008 5155 3067 5198 1⁶
3090 5169 3252 5212 praec.
3280 5155 3518 5212 Guyetus,
3545 5169 3675 5211 perc.
3700 5164 3759 5210 Ω,
3783 5154 3898 5200 fort.
3924 5168 4053 5200 conc.
4076 5154 4141 5201 cf.
4166 5156 4261 5202 Ou.

1050 5215 1164 5260 Am.
1189 5215 1212 5258 I
1233 5214 1279 5259 2.
1304 5212 1375 5260 11.
1440 5215 1513 5268 19,
1538 5215 1597 5257 20
1626 5219 1737 5273 post
1758 5216 1818 5259 14
1837 5219 2021 5274 transp.
2048 5215 2431 5273 Struchtmeyer.
2496 5215 2557 5258 20
2586 5219 2630 5260 ct
2659 5216 2798 5260 cuius
2828 5216 2893 5259 sit
2913 5213 3087 5270 Palm„
3122 5215 3329 5260 eulasia
3347 5213 3411 5270 fit
3430 5223 3488 5269 Ω,
3523 5227 3621 5258 cccc
3640 5215 3744 5259 mis
3763 5215 3806 5258 it
3827 5213 3905 5259 W.
3931 5213 4143 5259 Fischer.
4207 5215 4264 5256 21

1053 5285 1194 5320 casus
1224 5282 1283 5327 Ω,
1318 5287 1438 5318 corr.
1474 5273 1747 5322 Markland.
1812 5275 1870 5317 23
1899 5275 2014 5320 haec
2036 5275 2275 5333 Guyetus,
2307 5275 2400 5320 huc
2421 5283 2480 5320 Ω.
2545 5274 2603 5317 20
2634 5287 2717 5319 nec
2738 5272 2915 5319 oNV.
2978 5274 3038 5317 29
3067 5277 3158 5318 aut
3178 5282 3235 5319 Ω.
3280 5273 3475 5318 humeri
3493 5271 3556 5328 N,
3581 5272 3757 5317 humor
3777 5272 3816 5317 L
3836 5274 3887 5317 et
3907 5272 4039 5330 (post
4058 5271 4186 5328 ion.)
4207 5283 4259 5318 Δ.

1052 5332 1277 5378 cumulus
1297 5331 1335 5377 F
1352 5331 1414 5387 V,
1441 5333 1645 5377 tumulis
1667 5333 1716 5377 L.
1784 5333 1843 5376 30
1862 5347 1959 5378 non
1979 5334 2043 5389 N,
2067 5347 2140 5378 me
2161 5333 2218 5380 Ο.
2341 5331 2477 5377 xvn
2506 5333 2536 5377 2
2549 5333 2776 5390 placatus
2797 5346 2897 5383 nos.
2922 5331 3030 5378 coll.
3056 5332 3150 5378 Ou.
3174 5331 3229 5377 F.
3256 5330 3334 5376 111
3355 5331 3442 5380 789
3461 5345 3485 5376 s
3521 5365 3552 5385 .,
3571 5336 3749 5387 pacato
3768 5340 3827 5376 Ω.
3891 5331 3920 5375 3
3940 5332 4029 5376 aut
4049 5329 4267 5387 insen-me

1050 5395 1139 5437 aut
1154 5391 1337 5449 fluctus
1356 5404 1467 5435 cum
1488 5390 1589 5435 cod.
1619 5392 1751 5437 Pass.
1777 5390 2034 5448 legendum
2056 5391 2155 5438 uid.
2221 5392 2279 5434 12
2310 5405 2436 5448 navo
2466 5406 2554 5451 pro
2584 5392 2722 5437 modo
2742 5401 2783 5435 Ω
2805 5391 3099 5448 scripsimus,
3170 5405 3223 5435 ro
3252 5391 3418 5435 animo
3438 5398 3479 5434 Ω
3524 5403 3625 5434 -um
3644 5388 3696 5445 v)
3716 5392 3911 5435 animae
3932 5390 4156 5444 Housm„
4181 5389 4266 5435 alii

1049 5450 1159 5496 alia.
1226 5450 1284 5493 1⁶
1311 5449 1429 5495 colcu
1459 5448 1867 5506 (caules)Bur1n.‚
1904 5451 2043 5496 colles
2071 5460 2128 5497 Ω.
2194 5450 2253 5494 17
2283 5451 2522 5496 cumulem
2550 5464 2653 5507 nos,
2688 5449 2794 5496 coll.
2837 5450 2929 5496 Ou.
2968 5450 3047 5495 Tr.
3086 5449 3137 5493 11
3197 5448 3267 5493 10.
3294 5449 3366 5502 72,
3400 5462 3581 5493 numen
3602 5448 3720 5504 AN,
3758 5447 3873 5494 mTw
3893 5449 3948 5503 F,
3983 5452 4178 5493 numm-e
4207 5449 4260 5504 L,

1050 5513 1271 5565 spument
1302 5525 1334 5552 s-
1365 5507 1497 5564 uulg.
1561 5509 1620 5552 21
1643 5509 1852 5565 flumine
1873 5519 1909 5555 A
1930 5510 1983 5555 F.
2048 5509 2108 5552 24
2133 5514 2279 5565 gyrata
2310 5519 2370 5567 Ω,
2403 5524 2524 5555 corr.
2549 5510 2683 5555 Pass.
2747 5509 2805 5552 27
2836 5509 3145 5554 Diae—saxa
3174 5520 3275 5562 nos,
3308 5512 3420 5565 post
3441 5505 3596 5553 Palm.
3621 5507 3707 5566 qui
3727 5507 4072 5554 Diam—mis
4091 5506 4265 5564 (possis

1051 5568 1199 5613 etiam
1221 5567 1434 5624 saxeam)
1455 5567 1647 5613 inuenit
1668 5567 1823 5623 (nasci
1843 5567 2059 5625 Baehr.),
2084 5569 2535 5615 mediam-Naxon
2555 5578 2614 5615 Ω.
2676 5568 2737 5612 30
2756 5568 2908 5625 cinqit
2927 5577 2985 5624 Ω,
3011 5581 3131 5614 corr.
3155 5580 3202 5613 v.
