4890 6561
1671 528 1839 581 SEX.
1889 523 2278 579 PROPERTI
2316 523 2466 577 LIB.
2519 524 2624 577 III
2665 527 2798 593 [IV]
3768 530 3830 580 31

1234 832 1379 885 VIII
1412 833 1568 897 [VII]

614 946 807 999 Dulcis
831 946 904 998 ad
926 946 1209 998 hesternas
1226 946 1409 998 fuerat
1430 946 1565 998 mihi
1588 946 1710 998 rixa
1729 945 1996 1010 lucernas,

678 1012 829 1063 uocis
853 1015 909 1063 et
932 1012 1157 1063 insanae
1183 1016 1266 1063 tot
1290 1012 1582 1063 maledicta
1605 1016 1754 1073 tuae,

613 1092 737 1128 cum
762 1076 1060 1128 furibunda
1083 1092 1228 1128 mero
1253 1093 1493 1127 mensam
1518 1076 1772 1142 propellis
1795 1080 1852 1129 et
1873 1075 1932 1128 in
1955 1092 2044 1129 me

679 1141 875 1207 proicis
899 1141 1096 1192 infesta
1119 1142 1338 1207 cymbia.
1363 1141 1524 1206 plena
1546 1158 1728 1192 manu.

617 1210 680 1257 tu
706 1222 835 1257 uero
858 1212 1071 1257 nostros
1094 1206 1275 1258 audax
1301 1206 1502 1257 inuade
1525 1206 1750 1273 capillos
2142 1218 2170 1272 5

679 1277 738 1322 et
762 1287 884 1321 mea
907 1271 1154 1321 formosis
1180 1288 1252 1321 un
1331 1271 1454 1321 ibus
1476 1287 1571 1322 ora
1593 1276 1759 1332 nota3

616 1340 678 1387 tu
703 1335 956 1387 minitare
979 1335 1162 1386 oculos
1184 1352 1248 1386 su
1289 1335 1432 1387 iecta
1453 1352 1678 1387 exurere
1700 1336 1938 1399 flamma,

679 1398 767 1451 fac
789 1416 913 1451 mea
934 1401 1158 1451 rescisso
1181 1404 1399 1466 pectora
1419 1400 1571 1451 nuda
1592 1400 1730 1451 sinu.

615 1464 870 1516 nimirum
896 1466 1011 1516 ueri
1033 1464 1236 1516 dantur
1260 1464 1394 1515 mihi
1418 1465 1575 1530 signa
1596 1465 1822 1516 caloris:

680 1545 809 1580 nam
831 1528 949 1581 sine
973 1546 1154 1581 amore
1175 1531 1333 1594 graui
1357 1528 1563 1580 femina
1586 1530 1739 1581 nulla
1761 1530 1926 1581 dolet.
2112 1545 2173 1581 10

613 1609 757 1660 quae
780 1594 976 1646 mulier
998 1593 1190 1645 rabida
1210 1595 1386 1645 iactat
1406 1595 1656 1645 conuicia
1678 1594 1885 1660 lingua,

679 1658 815 1710 haec
840 1659 1065 1710 Veneris
1087 1675 1319 1725 magnae
1342 1657 1587 1709 uoluitur
1608 1664 1739 1710 ante
1764 1659 1945 1725 pedes,

615 1723 903 1775 custodum
924 1740 1085 1799 grege
1108 1740 1205 1774 seu
1229 1723 1371 1775 circa
1393 1740 1451 1775 se
1472 1724 1647 1789 stipat
1668 1730 1906 1785 euntem,

678 1804 778 1839 seu
798 1804 856 1838 se
898 1793 1046 1839 uitur
1068 1789 1292 1850 medias,
1322 1789 1551 1839 Maenas
1574 1793 1639 1840 ut
1662 1789 1790 1850 icta,
1818 1789 1955 1849 uias,

612 1869 711 1905 seu
736 1852 857 1904 timi
897 1870 987 1904 am
1010 1853 1193 1903 crebro
1218 1853 1493 1904 dementia
1515 1854 1726 1904 somnia
1749 1858 1973 1916 terrent,
2112 1866 2168 1920 15

678 1933 775 1969 seu
799 1918 1050 1968 miseram
1075 1918 1130 1968 in
1150 1917 1342 1969 tabula
1363 1918 1512 1984 picta
1533 1918 1716 1984 puella
1739 1923 1940 1970 mouet.

614 1981 700 2033 his
722 1998 822 2047 ego
844 1982 1131 2033 tormentis
1154 1982 1323 2033 animi
1347 1999 1467 2033 sum
1493 1999 1654 2034 uerus
1676 1999 1928 2048 aruspex,

678 2046 780 2097 has
802 2047 969 2098 didici
993 2053 1139 2098 certo
1162 2063 1322 2113 saepe
1346 2047 1403 2097 in
1427 2064 1607 2099 amore
1630 2053 1806 2098 notas.

614 2126 723 2163 non
746 2115 831 2163 est
854 2117 1003 2164 certa
1025 2112 1158 2163 fides
1219 2129 1344 2163 uam
1369 2128 1477 2163 non
1499 2112 1556 2162 in
1580 2112 1759 2188 iurgia
1783 2115 2000 2164 uertas:

678 2175 926 2227 hostibus
949 2129 1346 2228 eueniat‘lenta
1369 2176 1554 2243 puella
1574 2193 1723 2229 meis.
2106 2190 2172 2228 20

615 2241 673 2292 in
697 2257 874 2292 morso
897 2241 1152 2306 aequales
1174 2241 1401 2292 uideant
1426 2258 1546 2292 mea
1570 2242 1799 2292 uulnera
1821 2241 1959 2293 collo
1981 2261 1995 2293 :

678 2322 765 2357 me
787 2305 979 2356 doceat
1004 2305 1142 2356 liuor
1164 2322 1377 2358 mecum
1401 2306 1657 2357 habuisse
1679 2322 1873 2357 meam.
1962 2359 1965 2362 ,

614 2374 716 2421 aut
737 2370 794 2421 in
817 2386 999 2421 amore
1022 2370 1202 2422 dolere
1226 2369 1352 2421 uolo
1374 2375 1473 2422 aut
1496 2370 1687 2422 audire
1710 2371 2004 2432 dolentem,

678 2434 795 2486 siue
818 2451 968 2486 meas
991 2434 1241 2486 lacrimas
1262 2435 1381 2486 siue
1405 2435 1589 2486 uidere
1613 2440 1753 2487 tuas.

615 2499 791 2565 (tecta
812 2499 1115 2565 superciliis
1136 2501 1184 2550 si
1207 2500 1426 2576 quando
1451 2500 1616 2551 uerba
1640 2500 1892 2561 remittis,
2106 2512 2167 2567 25

678 2569 777 2615 aut
801 2568 901 2615 tua
921 2581 1045 2616 cum
1069 2564 1255 2630 digitis
1278 2565 1480 2630 scripta
1500 2565 1713 2616 silenda
1735 2566 1943 2629 notas.)

613 2628 703 2679 odi
727 2645 826 2693 ego
849 2645 989 2694 quae
1012 2645 1311 2695 numquam
1336 2634 1587 2696 pungunt
1608 2629 1845 2695 suspiria
1864 2646 2113 2682 somnos:

677 2709 889 2760 semper
912 2694 966 2744 in
992 2694 1135 2745 irata
1158 2693 1395 2759 pallidus
1417 2710 1534 2745 esse
1552 2694 1734 2745 uelim.

614 2763 714 2809 aut
736 2762 917 2809 tecum
941 2764 1041 2809 aut
1064 2775 1159 2834 pro
1181 2762 1238 2810 te
1261 2758 1397 2809 mihi
1420 2759 1832 2834 cum-riualibus
1855 2775 2009 2810 arma
2107 2773 2169 2824 33

612 2829 1282 2952 01155323‘3233343353
1321 2823 1994 2954 ifflssnffissssslffzss'm.
2105 2839 2171 2952 ἐξ

679 2950 980 3017 Tyndaridi
1075 2956 1217 3003 terat
1275 2952 1443 3003 audia
1467 2952 1605 3004 ferre
1627 2969 1774 3004 suae.
2107 2967 2171 3018 30

611 3016 743 3066 dum
761 3016 992 3068 uincunt
1069 3017 1214 3078 anai,
1283 3034 1375 3067 um
1399 3022 1572 3068 restat
1593 3016 1856 3068 barbarus
1883 3018 2101 3080 Hector,

677 3080 771 3132 ille
799 3081 1041 3133 Helenae
1064 3082 1121 3132 in
1144 3082 1347 3147 gremio
1369 3082 1613 3133 maxima
1635 3081 1781 3133 bella
1802 3082 1959 3147 gerit.

613 3145 837 3211 (gaude,
865 3146 1010 3212 quod
1035 3145 1189 3197 nulla
1211 3152 1295 3197 est
1317 3163 1489 3213 aeque
1512 3146 1749 3197 formosa
1770 3168 1782 3199 ε
1819 3146 2046 3209 doleres,
2107 3159 2170 3213 35

676 3210 724 3260 si
763 3226 835 3261 ua
859 3210 1029 3262 foret:
1067 3227 1211 3262 nunc
1233 3211 1308 3262 sis
1330 3211 1448 3261 iure
1471 3228 1531 3261 su
1575 3211 1706 3262 erba
1728 3211 1870 3263 licet.

610 3279 674 3327 at
696 3275 740 3326 ti
779 3275 815 3337 i,
843 3276 938 3342 qui
961 3282 1145 3327 nostro
1168 3275 1370 3327 nexisti
1394 3277 1534 3328 retia
1576 3282 1713 3337 ecte,

675 3340 751 3391 sit
773 3357 921 3392 socer
941 3346 1225 3392 aeternum
1248 3358 1345 3392 nec
1368 3341 1485 3392 sine
1507 3346 1681 3393 matre
1699 3341 1908 3403 domus,

610 3404 700 3455 cui
724 3421 869 3457 nunc
892 3405 937 3455 si
979 3422 1052 3456 ua
1073 3406 1204 3457 data
1227 3412 1313 3457 est
1335 3405 1600 3457 furandae
1621 3422 1684 3457 co
1722 3406 1778 3456 ia
1800 3405 1994 3470 noctis,

676 3469 883 3521 offensa
906 3423 1004 3521 ulla
1026 3470 1178 3532 mihi,
1205 3487 1314 3522 non
1336 3470 1443 3522 tibi
1464 3471 1657 3534 amica,
1684 3422 1888 3536 Sedit.)
2106 3488 2173 3535 40

1181 3613 1541 3748 {phtvnn

610 3785 924 3847 Maecenas,
951 3802 1118 3853 eques
1138 3787 1369 3839 Etrusco
1392 3787 1460 3839 de
1482 3787 1749 3853 sanguine
1772 3803 1981 3854 regum,

673 3851 822 3902 intra
844 3851 1123 3903 fortunam
1147 3853 1243 3918 qui
1267 3852 1418 3918 cupis
1442 3869 1558 3904 esse
1583 3859 1753 3914 tuam,

610 3915 743 3981 quid
762 3932 849 3967 me
872 3916 1140 3967 scribendi
1166 3923 1279 3967 tam
1302 3921 1525 3968 uastum
1550 3918 1726 3968 mittis
1749 3917 1807 3968 in
1833 3922 2073 3984 aequor?

675 3996 782 4031 non
805 3987 937 4032 sunt
959 3987 1092 4046 apta
1108 3997 1262 4033 meae
1283 3982 1515 4047 grandia
1538 3981 1664 4033 uela
1685 3983 1807 4033 rati.

610 4050 768 4110 turpe
790 4050 891 4105 est,
910 4045 1056 4111 quod
1080 4062 1335 4112 nequeas,
1358 4062 1422 4097 ca
1459 4047 1525 4097 iti
1548 4047 1886 4098 committere
1901 4046 2113 4113 pondus
2138 4059 2165 4114 5

673 4114 730 4161 et
753 4125 998 4176 pressum
1022 4110 1223 4161 inflexo
1246 4127 1370 4161 mox
1433 4128 1526 4162 are
1551 4117 1705 4176 terga
1726 4128 1885 4177 genu.

609 4174 793 4225 omnia
815 4191 922 4225 non
948 4175 1152 4240 pariter
1176 4192 1355 4226 rerum
1379 4180 1508 4227 sunt
1530 4176 1782 4227 omnibus
1804 4181 1953 4243 apta,

675 4238 860 4303 palma
882 4255 981 4290 nec
1004 4255 1071 4290 ex
1097 4256 1272 4306 aequo
1294 4240 1515 4292 ducitur
1533 4240 1647 4291 ulla
1669 4241 1812 4316 iugo·

608 4302 783 4369 gloria
807 4304 974 4390 Lysip

674 4369 884 4419 exactis
908 4369 988 4420 La
1008 4369 1148 4419 amis
1172 4385 1228 4420 se
1253 4368 1388 4420 mihi
1410 4370 1583 4421 iactat
1605 4370 1776 4436 equis.
2109 4385 2169 4422 10

609 4431 666 4482 in
691 4432 918 4484 Veneris
941 4432 1134 4484 tabula
1156 4450 1426 4485 summam
1450 4435 1554 4485 sibi
1578 4435 1732 4500 ponit
1756 4433 2006 4500 Apelles3

676 4496 996 4548 Parrhasius
1019 4515 1191 4564 parua
1214 4499 1462 4550 uindicat
1483 4504 1602 4550 arte
1625 4498 1820 4550 locum.

607 4568 932 4626 argumenta
954 4563 1129 4628 magis
1150 4567 1281 4614 sunt
1305 4563 1570 4615 Mentoris
1591 4564 1783 4615 inclita
1806 4564 2012 4616 formae
2031 4583 2046 4626 3

671 4632 734 4677 at
758 4627 920 4692 Myos
943 4627 1205 4693 exiguum
1228 4627 1400 4679 flectit
1423 4628 1693 4679 acanthus
1715 4627 1834 4681 iter.

1067 4309 1151 4356 est
1173 4304 1421 4356 animosa
1442 4305 1695 4371 effingere
1717 4321 1907 4371 signa3

2276 692 2571 744 Phidiacus
2594 693 2749 759 sig-no
2772 708 2831 744 se
2854 692 3104 761 Iuppiter
3126 697 3289 745 ornat
3310 692 3551 755 eburno3
3669 704 3674 709 ·
3775 704 3831 756 15

2342 758 2656 809 Praxitelen
2682 758 2844 809 Paria
2868 759 3122 810 uenditat
3146 759 3278 811 urbe
3300 759 3452 824 lapis.

2275 826 2361 873 est
2383 822 2583 888 quibus
2607 822 2772 874 Eleae
2795 824 3065 875 concurrit
3090 823 3273 899 palma
3294 822 3590 890 quadrigae
3613 840 3628 883 3

2340 893 2425 937 est
2448 888 2646 953 quibus
2670 887 2728 937 in
2751 889 2949 939 celeres
2970 888 3143 954 gloria
3166 894 3300 939 nata
3321 887 3500 954 pedes.

2274 950 2363 1003 hic
2385 957 2539 1003 satus
2563 952 2632 1002 ad
2657 968 2842 1018 pacem
2867 972 2882 1013 3
2915 952 3004 1003 hic
3025 953 3393 1004 castrensibus
3416 951 3569 1003 utilis
3594 950 3773 1003 armis.

2339 1022 2571 1067 naturae
2594 1016 2842 1082 sequitur
2861 1017 3071 1069 semina
3091 1017 3322 1084 quisque
3344 1033 3491 1068 suae.
3761 1030 3828 1067 20

2275 1085 2335 1131 at
2357 1085 2473 1142 tua,
2503 1081 2809 1142 Maecenas,
2822 1082 2989 1158 ‘uitae
3012 1090 3301 1148 praecepta
3313 1082 3515 1157 recepi,

2274 1146 3369 1283 cuerggttibielttgffalngldsoffiiglag‘ihaheoggiz
3390 1227 3604 1262 secures

2339 1279 2397 1325 et
2421 1274 2583 1326 liceat
2605 1275 2783 1326 medio
2808 1292 3002 1341 ponere
3027 1276 3145 1327 iura
3167 1276 3300 1336 fore,

2273 1339 2364 1390 uel
2388 1339 2490 1390 tibi
2514 1340 2800 1390 Medorum
2824 1356 3096 1406 pugnaces
3120 1341 3197 1392 ire
3221 1357 3315 1406 per
3336 1340 3526 1391 hastas
3765 1352 3829 1404 25

2273 1406 3357 1521 ..2ffi?35'{}2222‡13¹z¹1¹;0¹2³3.805.2.‘¹3?
3360 1404 3620 1520 22⁰3&ss

2339 1536 2579 1599 tempore
2604 1538 2718 1585 tam
2742 1533 2929 1585 faciles
2954 1534 3297 1585 insinuentur
3319 1550 3463 1599 opeS,

2273 1597 2465 1712 parcils,
2493 1602 2550 1649 et
2571 1598 2629 1649 in
2645 1605 2845 1712 ltenues
2869 1599 3135 1714 lffimilljem·
3155 1603 3210 1650 te
3233 1597 3443 1675 colligis
3465 1597 3685 1648 umbras
3708 1616 3720 1649 ε
3798 1675 3832 1712 o

2338 1679 2407 1713 ue
2430 1679 2586 1713 orum
2666 1679 2797 1714 enos
2819 1680 2885 1714 su
2951 1680 3011 1714 ra
3049 1680 3097 1713 is
3120 1680 3139 1714 1
3205 1680 3235 1714 e
3258 1680 3426 1714 sinus,

2272 1727 2429 1778 crede
2453 1680 2860 1793 mihi,pmagnos
2881 1681 3203 1793 aequabuffi
3222 1728 3330 1779 ista
3353 1726 3614 1779 Camillos
3768 1675 3796 1726 3

2338 1791 2542 1843 iudicia
2564 1797 2620 1843 et
2641 1793 2828 1844 uenies
2852 1796 2914 1843 tu
2939 1809 3156 1868 quoque
3179 1793 3234 1843 in
3260 1808 3355 1843 ora
3369 1792 3569 1852 uirum,

2272 1856 2523 1907 Caesaris
2546 1861 2602 1908 et
2625 1856 2805 1908 famae
2829 1857 3065 1923 uestigia
3086 1858 3276 1908 iuncta
3299 1855 3511 1907 tenebis
3533 1875 3549 1916 3

2339 1920 2676 1972 Maecenatis
2699 1926 2862 1972 erunt
2886 1937 3018 1972 uera
3040 1926 3264 1987 tropaea
3286 1921 3432 1972 fides.

2272 2001 2379 2035 non
2401 2002 2505 2052 ego
2528 1986 2756 2037 uelifera
2779 1986 3050 2036 tumidum
3074 2002 3223 2037 mare
3247 1985 3393 2036 findo
3415 1985 3631 2036 carina:
3766 1996 3828 2049 35

2338 2055 2458 2102 tota
2480 2051 2583 2101 sub
2606 2051 2802 2116 exiguo
2826 2050 3049 2102 flumine
3074 2055 3264 2102 nostra
3286 2066 3437 2100 mora
3460 2055 3558 2101 est.

2273 2130 2378 2165 non
2403 2114 2543 2166 flebo
2566 2115 2624 2165 in
2647 2116 2852 2167 cineres
2874 2131 3051 2166 arcem
3076 2115 3279 2167 sedisse
3302 2119 3548 2180 repentes

2339 2180 2533 2231 Cadmi
2557 2196 2654 2230 nec
2677 2196 2886 2245 semper
2908 2180 3111 2246 proelia
3134 2178 3288 2231 clade
3311 2179 3445 2245 pari,

2271 2260 2370 2295 nec
2394 2244 2623 2295 referam
2649 2244 2845 2295 Scaeas
2868 2249 2924 2295 et
2949 2245 3214 2310 Pergama
3236 2243 3509 2310 Apollinis
3531 2258 3697 2304 arces,

2337 2315 2395 2359 et
2419 2309 2677 2359 Danaum
2700 2308 2909 2360 decimo
2932 2325 3059 2360 uere
3081 2309 3283 2360 redisse
3307 2314 3469 2370 rates,
3763 2321 3830 2370 40

2272 2373 2488 2424 moenia
2509 2390 2632 2425 cum
2657 2374 2822 2425 Graio
2846 2374 3128 2439 Neptunia
3150 2373 3346 2439 pressit
3367 2377 3549 2424 aratro

2338 2437 2516 2489 uictor
2541 2438 2821 2489 Palladiae
2844 2437 3057 2503 ligneus
3081 2438 3215 2489 artis
3237 2453 3426 2504 equus.

2273 2502 2418 2554 inter
2440 2502 2764 2553 Callimachi
2787 2507 2875 2553 sat
2897 2503 3002 2554 erit
3024 2502 3292 2569 placuisse
3315 2501 3527 2554 libellos

2338 2573 2394 2618 et
2411 2567 2669 2619 cecinisse
2693 2567 2882 2628 modis,
2910 2567 3020 2619 Coe
3046 2573 3221 2633 poeta,
3249 2567 3378 2619 tuis.

2272 2632 2408 2683 haec
2431 2637 2595 2683 urant
2618 2648 2826 2698 pueros,
2853 2631 2986 2683 haec
3010 2637 3174 2683 urant
3196 2632 3400 2697 scripta
3461 2629 3651 2690 uellas,
3764 2646 3795 2692 4
3802 2640 3828 2695 5

2338 2713 2534 2762 meque
2557 2697 2718 2747 deum
2742 2696 2980 2747 clament
3002 2702 3060 2747 et
3081 2696 3218 2747 mihi
3240 2711 3397 2747 sacra
3441 2700 3614 2747 erant.

2274 2765 2329 2812 te
2351 2761 2489 2823 duce
2513 2760 2602 2812 uel
2628 2762 2776 2811 Iouis
2799 2777 2954 2812 arma
2975 2776 3167 2812 canam
3192 2761 3449 2825 caeloque
3473 2759 3775 2810 minantem

2338 2825 2543 2877 Coeum
2567 2831 2624 2877 et
2649 2825 2963 2890 Phlegraeis
2988 2824 3401 2892 Eurymedonta
3421 2823 3565 2890 iugis
3585 2844 3599 2886 3

2272 2890 2604 2956 eductosque
2628 2907 2782 2956 pares
2804 2889 3046 2941 siluestri
3070 2906 3139 2941 ex
3164 2890 3327 2941 ubere
3351 2904 3502 2954 reges
3768 2899 3825 2951 51

2337 2955 2518 3006 ordiar
2539 2960 2594 3005 et
2618 2971 2773 3005 caeso
2797 2954 3012 3005 moenia
3033 2954 3188 3005 firma
3212 2955 3400 3014 Reme,
3769 2966 3831 3016 50

2272 3019 2525 3086 celsaque
2549 3019 2810 3070 Romanis
2833 3019 3089 3084 decerpta
3111 3018 3322 3085 palatia
3344 3017 3535 3078 tauris,
3765 3033 3832 3079 49

2336 3090 2539 3135 crescet
2562 3090 2619 3135 et
2641 3084 2920 3150 ingenium
2943 3084 3047 3134 sub
3069 3090 3168 3135 tua
3190 3084 3340 3134 iussa
3362 3099 3542 3133 meum
3563 3100 3578 3142 3
3767 3094 3828 3146 52

2271 3165 2566 3216 prosequar
2589 3153 2645 3199 et
2669 3165 2858 3199 currus
2880 3152 3113 3215 utroque
3138 3149 3210 3199 ab
3232 3148 3391 3199 litore
3414 3151 3661 3207 ouantes,

2340 3213 2664 3264 Parthorum
2689 3217 2906 3264 astutae
2930 3213 3045 3264 tela
3069 3212 3296 3264 remissa
3318 3212 3499 3278 fugae,

2271 3285 2559 3345 castraque
2585 3277 2770 3330 Pelusi
2794 3278 3040 3329 Romano
3064 3277 3296 3330 subruta
3317 3277 3477 3339 ferro,
3768 3287 3827 3342 55

2338 3343 2656 3409 Antonique
2679 3359 2874 3408 graues
2898 3344 2955 3394 in
2980 3359 3082 3394 sua
3104 3343 3224 3394 fata
3245 3359 3456 3394 manus.

2270 3407 2460 3459 mollia
2483 3414 2546 3459 tu
2571 3413 2794 3473 coeptae
2817 3407 3001 3459 fautor
3023 3424 3155 3473 cape
3180 3407 3296 3458 lora
3316 3408 3598 3467 iuuentae,

2335 3473 2530 3525 dexter
2604 3489 2673 3523 ue
2697 3473 2937 3523 inmissis
2960 3472 3033 3523 da
3054 3472 3190 3523 mihi
3213 3471 3369 3538 signa
3393 3471 3542 3522 rotis.

2270 3536 2371 3588 hoc
2393 3537 2547 3596 mihi,
2639 3553 2882 3597 aecenas,
2911 3537 3089 3588 laudis
3113 3536 3376 3598 concedis,
3404 3541 3461 3588 et
3483 3552 3518 3588 a
3535 3540 3594 3586 te
3616 3538 3716 3596 est,

2336 3601 2483 3668 quod
2504 3601 2647 3653 ferar
2669 3601 2728 3653 in
2750 3605 2932 3668 partes
2955 3601 3070 3668 ipse
3093 3600 3262 3653 inisse
3285 3605 3427 3652 tuas.
3761 3600 3827 3650 60

2937 3803 2991 3855 X
3025 3803 3154 3868 [IX]

2270 3919 2534 3981 Mirabar,
2560 3919 2823 3985 quidnam
2847 3918 3122 3970 misissent
3146 3933 3307 3969 mane
3332 3917 3622 3978 Camenae,

2333 3993 2463 4035 ante
2487 4000 2665 4035 meum
2692 3988 2904 4035 stantes
2926 3983 3040 4034 sole
3062 3982 3291 4034 rubente
3316 3987 3512 4034 torum.

2267 4048 2472 4100 natalis
2495 4052 2712 4099 nostrae
2735 4049 2952 4110 signum
2973 4047 3166 4099 misere
3190 4046 3406 4112 puellae

2331 4118 2388 4165 et
2411 4112 2665 4164 manibus
2688 4112 2899 4163 faustos
2924 4117 3006 4163 ter
3028 4127 3280 4178 crepuere
3303 4126 3480 4162 sonos.

2267 4182 2513 4229 transeat
2537 4177 2623 4228 hic
2647 4178 2765 4228 sine
2787 4176 2932 4228 nube
2954 4176 3089 4238 dies,
3116 4181 3266 4227 stent
3289 4192 3412 4227 aere
3434 4175 3607 4237 uenti,
3799 4188 3827 4241 5

2332 4247 2501 4309 ponat
2524 4247 2580 4293 et
2604 4241 2662 4293 in
2685 4242 2827 4293 sicco
2850 4241 3088 4293 molliter
3111 4240 3261 4292 unda
3284 4241 3475 4292 minas.

2266 4306 2732 4423 αερέοὲῗριδιὲιέἒοε
2756 4306 3017 4382 hodierna
3045 4305 3165 4383 luce
3188 4305 3454 4421 (ἰοῂιιιῖε,
3485 4368 3499 4382 .

2331 4388 2361 4423 e
2468 4388 2521 4423 10
2669 4387 2900 4423 acrimas
2922 4387 2987 4422 su
3065 4387 3202 4422 rima
3251 4387 3269 4421 ι
3336 4387 3367 4421 e
3412 4387 3446 4420 a
3483 4386 3547 4421 is.

2267 4435 2573 4502 Alcyonum
2601 4436 2792 4502 positis
2815 4388 3161 4501 requieggant
3182 4387 3559 4501 orapguerglis,

2331 4502 2572 4566 increpet
2594 4501 2947 4566 absumptum
2971 4517 3070 4552 nec
3092 4516 3193 4551 sua
3215 4506 3391 4551 mater
3412 4500 3560 4575 Itym
3580 4518 3595 4559 3
3772 4514 3831 4549 10

2267 4570 2459 4631 tuque,
2485 4582 2518 4616 o
2539 4581 2668 4616 cara
2691 4565 2843 4625 mihi,
2870 4565 3123 4616 felicibus
3146 4564 3296 4615 edita
3320 4580 3528 4630 pennis,

2329 4646 2490 4696 surge
2513 4636 2571 4681 et
2593 4634 2907 4695 praesentes
2929 4630 3079 4680 iusta
3101 4644 3318 4695 precare
3340 4628 3486 4679 deos.

723 4767 841 4812 vm
871 4770 1128 4815 continuat
1149 4770 1297 4828 priori
1318 4769 1375 4817 Ο.
1441 4771 1469 4813 1
1489 4771 1744 4816 heaeternas
1764 4769 1817 4825 L,
1842 4775 2062 4818 aterum
2082 4780 2135 4819 A.
2202 4773 2231 4815 3
2250 4785 2359 4819 cum
2378 4772 2511 4829 Itali,
2535 4787 2628 4818 cur
2648 4782 2706 4818 52.
2771 4773 2803 4815 4
2828 4771 3011 4828 infesta
3031 4771 3206 4826 Palm„
3233 4772 3414 4817 insana
3434 4781 3493 4826 52,
3518 4785 3582 4817 an
3604 4770 3833 4827 infensa?

608 4828 665 4870 11
692 4829 911 4884 marcida
943 4839 1002 4879 Ω,
1038 4843 1157 4874 corr.
1194 4828 1318 4875 Scal.
1384 4829 1443 4872 12
1477 4829 1592 4874 haec
1623 4829 1886 4885 Liuineius,
1913 4835 1957 4875 et
1978 4840 2039 4876 52.
2102 4832 2161 4874 13
2190 4832 2429 4877 custodem
2461 4841 2497 4877 A
2518 4832 2567 4876 L.

2622 4845 2760 4889 oreae
2789 4829 2926 4889 (non)
2958 4831 3155 4886 Baehr.,
3191 4843 3274 4877 seu
3305 4845 3392 4875 nos
3423 4829 3531 4887 (pro
3561 4843 3609 4875 oe
3638 4830 3825 4885 Lech),

605 4887 832 4943 previbus
853 4896 927 4941 Ως
958 4887 1045 4933 sed
1066 4887 1184 4933 haec
1205 4887 1320 4933 fort.
1346 4887 1425 4933 hic
1445 4886 1605 4933 aliena
1634 4887 1764 4946 quod
1792 4888 1853 4934 de
1883 4889 2030 4932 13-18
2060 4893 2225 4935 censet
2256 4890 2462 4935 Housm.
2527 4890 2587 4933 13
2616 4890 2708 4936 has
2736 4890 2799 4944 N,
2825 4904 2941 4935 nam
2969 4890 3027 4936 O.
3092 4890 3151 4933 19
3180 4889 3253 4935 ita
3277 4888 3486 4943 Vahlen,
3510 4889 3735 4945 iniuryia
3763 4890 3826 4943 N,

608 4946 805 4990 iniun‘a
826 4945 885 4991 O.
932 4950 1096 4991 uertas
1115 4946 1325 5002 Vahlen,
1350 4951 1515 4992 uer-sat
1535 4946 1647 5003 Μαι
1667 4945 1725 5001 F)
1747 4957 1804 4993 52.
1870 4948 1942 5003 25,
1968 4948 2028 4991 28
2058 4947 2138 4994 hic
2157 4948 2303 4994 alieni
2325 4949 2522 5007 Guyeto
2543 4948 2653 4994 uisi.
2715 4949 2774 4993 27
2804 4948 2866 4994 cf.
2894 4948 3022 4995 Stat.
3047 4948 3137 4994 Th.
3164 4946 3215 4992 11
3235 4947 3325 4993 336

3480 4947 3539 4990 28
3559 4949 3746 4993 iratam
3766 4949 3825 4995 O.

607 5004 667 5047 29
696 5018 807 5049 cum
838 5013 871 5048 Φ
904 5003 966 5059 N,
990 5018 1084 5061 quo
1116 5015 1169 5051 A.
1223 5010 1369 5059 muta
1390 5014 1449 5061 52,
1474 5020 1593 5050 corr.
1630 5004 1897 5051 Fruterius.
1963 5007 2035 5062 33,
2061 5008 2121 5050 84
2148 5009 2266 5054 ante
2293 5008 2353 5051 29
2376 5012 2565 5065 transp.
2600 5008 2809 5053 Housm.
2872 5007 3021 5051 35-40
3050 5006 3128 5052 hic
3160 5006 3320 5052 alieni.
3345 4961 3435 5050 ⁵3⁷
3465 5008 3645 5051 nexisti
3675 5006 3825 5052 Prisc.

608 5075 655 5120 p.
680 5062 770 5108 902
790 5065 841 5108 et
862 5063 1084 5109 Diomed.
1111 5078 1157 5121 p.
1182 5063 1285 5120 369,
1305 5063 1364 5109 21
1377 5064 1461 5119 K„
1486 5064 1687 5109 tendam·
1704 5073 1763 5110 Ω.
1826 5065 1888 5109 40
1906 5065 2135 5121 offensam
2155 5076 2212 5112 Ω.

605 5121 885 5178 punximus.
950 5123 979 5165 9
998 5122 1185 5179 finam
1206 5121 1263 5169 O.
1330 5123 1390 5166 10
1408 5124 1625 5168 calamus
1645 5132 1703 5178 Ω,
1729 5138 1848 5169 corr.
1876 5123 2006 5169 Itali.
2074 5125 2132 5167 u

2317 5065 2385 5109 lx
2404 5067 2433 5109 2
2454 5066 2583 5112 inter
2601 5076 2637 5112 A
2658 5066 2711 5112 F.
2766 5065 3012 5121 Bflamma
3033 5075 3091 5121 Ω,
3108 5065 3254 5122 fama
3275 5065 3479 5122 Lipsius.
3543 5065 3662 5108 9-19
3680 5064 3829 5135 inter·

2155 5125 2298 5182 ponit
2318 5125 2342 5170 f
2357 5139 2386 5168 v
2403 5139 2519 5182 mg„
2544 5127 2700 5181 poscit
2721 5134 2757 5170 A
2777 5125 2840 5181 N,
2861 5127 3022 5181 posita
3043 5133 3091 5169 Φ.
3137 5128 3192 5169 ut
3220 5125 3271 5168 V.
3299 5128 3331 5169 t.
3358 5137 3600 5168 summum
3619 5136 3655 5169 a.
3679 5129 3830 5180 poscet

606 5180 671 5225 A.
698 5180 978 5226 Rothstein.
1044 5181 1103 5224 12
1126 5183 1282 5227 iocum
1302 5180 1447 5227 [sach.
1512 5182 1571 5224 13
1592 5182 1767 5227 inclita
1786 5196 1888 5237 nos,
1913 5183 2089 5228 addita
2110 5193 2168 5230 52.
2234 5184 2295 5226 14
2322 5184 2390 5229 ad
2410 5194 2470 5230 Ω.
2525 5184 2671 5240 Myos
2691 5182 2821 5240 Itali,
2846 5185 2996 5228 miros
3016 5183 3055 5227 L
3075 5181 3106 5228 d
3127 5196 3242 5239 mg„
3269 5195 3422 5228 miros
3444 5192 3481 5229 A
3499 5181 3552 5238 F,
3577 5195 3743 5229 muros
3762 5182 3824 5228 N.

606 5238 666 5282 15
695 5239 857 5284 Paria
879 5239 1095 5285 Broukh.
1121 5240 1182 5285 de
1210 5240 1353 5286 Pario
1383 5239 1781 5297 intellegendum,

604 5295 738 5353 land,
773 5297 927 5343 hostes
947 5308 1006 5344 Ω.
1071 5300 1130 5342 25

595 5356 740 5412 stum.
767 5356 824 5402 O.
897 5357 954 5400 37

605 5482 665 5528 Ω,
698 5487 819 5519 corr.
858 5474 1106 5521 Huschke.
1185 5476 1246 5519 4⁹
1273 5476 1325 5521 et
1355 5476 1413 5518 51
1443 5475 1574 5521 inter
1602 5490 1655 5521 se
1684 5478 1870 5534 transp.
1905 5476 1991 5522 Pei

603 5531 874 5578 Palmerius
914 5536 966 5579 et
1008 5533 1213 5592 Lipsius.
1298 5534 1358 5578 57
1397 5534 1556 5580 mollis
1588 5543 1647 5590 Ω,
1682 5549 1804 5584 corr.
1838 5535 1937 5581 Bro

982 5357 1130 5413 phebo
1150 5357 1212 5403 N.
1250 5362 1481 5414 paternos
1501 5367 1560 5413 52,
1585 5372 1705 5403 corr.
1731 5372 1835 5413 nos,
1864 5358 1925 5405 cf.
1953 5359 2091 5406 Lucr.
2118 5359 2167 5404 V
2186 5359 2289 5405 400.
2359 5361 2418 5403 33
2449 5373 2632 5417 semper

603 5415 665 5458 44
699 5414 788 5461 Coe
808 5415 1090 5471 Beroaldus,
1116 5417 1238 5462 dure
1258 5425 1316 5462 Ω.
1380 5416 1441 5460 45
1471 5421 1896 5472 curant—curant,
1931 5432 2054 5464 corr.
2079 5418 2209 5464 Itali.

2053 5491 2091 5523 r.
2156 5477 2215 5520 51
2245 5476 2361 5523 fort.
2397 5478 2648 5523 eductecue
2680 5477 2882 5535 (cel-mue
2912 5477 2962 5522 in
2992 5477 3053 5520 4⁹
3082 5476 3178 5523 iam
3212 5474 3397 5532 Iason).

2043 5569 2055 5581 .
2112 5536 2314 5593 fauctor
2349 5545 2399 5592 Φ,
2430 5535 2597 5593 factor
2625 5535 2687 5582 N.
2771 5537 2844 5591 59,
2885 5536 2945 5580 50
2978 5538 3095 5582 ante
3124 5535 3183 5579 4⁷
3215 5538 3400 5592 transp.
3439 5532 3584 5580 Lech.
3727 5533 3772 5577 X
3799 5535 3827 5578 1

1811 5243 2019 5298 pmpria
2039 5251 2097 5288 Ω.
2144 5242 2371 5288 uindicat
2389 5251 2449 5298 Ω,
2475 5257 2595 5288 corr.
2621 5243 2788 5288 Burm.
2854 5243 2914 5285 22
2944 5253 3089 5287 eonor
3108 5240 3326 5287 Broukh.
3391 5241 3451 5284 25
3479 5241 3647 5287 hastas
3669 5241 3828 5287 Mark-

1164 5298 1333 5355 hondo
1363 5297 1581 5355 Lib-are
1611 5299 1669 5345 O.
1734 5300 1793 5343 33
1820 5299 1882 5345 cf.
1908 5299 1972 5345 ad
2004 5300 2119 5347 111.
2144 5300 2217 5346 39.
2282 5302 2342 5344 35
2372 5315 2466 5347 om.
2493 5301 2556 5347 N.
2626 5302 2684 5345 33
2714 5306 2822 5347 tuta
2853 5317 2899 5347 τ.
2955 5301 3038 5346 sed
3066 5300 3242 5346 Baehr.
3296 5299 3519 5356 ἤειδε)
3549 5300 3630 5345 uel
3660 5313 3684 5346 e
3712 5303 3829 5346 ante

2654 5370 2711 5416 Ω,
2740 5359 2968 5417 fratrum
2993 5358 3131 5404 codd.
3157 5358 3291 5405 Pass.
3366 5358 3425 5402 39
3455 5362 3584 5404 artes
3607 5358 3823 5404 Broukh.

3429 5417 3490 5460 48
3519 5417 3829 5463 oromodonta

2273 5418 2422 5462 47-58
2453 5418 2531 5464 hic
2563 5418 2746 5465 alienos
2772 5432 2876 5464 esse
2896 5421 3062 5463 censet
3081 5416 3364 5475 nescioquis.

3473 5476 3532 5517 55
3562 5475 3822 5532 abnuat-aq,

602 5593 830 5639 visissent
852 5591 1023 5639 Heins.
1087 5593 1117 5637 3
1136 5595 1358 5640 miserere
1379 5592 1436 5640 O.
1503 5594 1533 5637 5
1553 5594 1716 5640 minas
1735 5593 1759 5640 f
1772 5608 1818 5652 V,
1841 5595 2014 5641 minax
2034 5603 2093 5641 Ω.
2159 5595 2217 5638 12
2238 5600 2511 5651 praesentes
2528 5594 2668 5642 codd.
2693 5594 2847 5651 Pasa,
2866 5599 3109 5652 possmus
3127 5603 3188 5650 Ω,
3206 5592 3467 5652 poscendo,
3485 5592 3631 5639 Lech.

3971 2208 4283 2297 ‚44ss.
