<?xml version="1.0" encoding="UTF-8"?>
<!DOCTYPE html PUBLIC "-//W3C//DTD XHTML 1.0 Transitional//EN"
    "http://www.w3.org/TR/xhtml1/DTD/xhtml1-transitional.dtd">
<html xmlns="http://www.w3.org/1999/xhtml" xml:lang="en" lang="en">
 <head>
  <title>
</title>
<meta http-equiv="Content-Type" content="text/html;charset=utf-8" />
  <meta name='ocr-system' content='tesseract 3.04.00' />
  <meta name='ocr-capabilities' content='ocr_page ocr_carea ocr_par ocr_line ocrx_word'/>
</head>
<body>
  <div class='ocr_page' id='page_1' title='image "./carmina00propgoog_0013.png"; bbox 0 0 4890 6561; ppageno 0'>
   <div class='ocr_carea' id='block_1_1' title="bbox 2005 521 3846 580">
    <p class='ocr_par' dir='ltr' id='par_1_1' title="bbox 2005 521 3846 580">
     <span class='ocr_line' id='line_1_1' title="bbox 2005 521 3846 580; baseline 0.001 -3"><span class='ocrx_word' id='word_1_1' title='bbox 2005 523 2313 577; x_wconf 78' lang='lat' dir='ltr'><em>PRAEFA</em></span> <span class='ocrx_word' id='word_1_2' title='bbox 2325 523 2399 576; x_wconf 87' lang='lat' dir='ltr'><strong>TI</strong></span> <span class='ocrx_word' id='word_1_3' title='bbox 2404 521 2448 576; x_wconf 89' lang='lat'><em>0</em></span> <span class='ocrx_word' id='word_1_4' title='bbox 3768 528 3846 580; x_wconf 71' lang='lat' dir='ltr'><strong>vii</strong></span> 
     </span>
    </p>
   </div>
   <div class='ocr_carea' id='block_1_2' title="bbox 619 691 3848 2362">
    <p class='ocr_par' dir='ltr' id='par_1_2' title="bbox 621 691 3845 960">
     <span class='ocr_line' id='line_1_2' title="bbox 623 691 3845 774; baseline 0 -19"><span class='ocrx_word' id='word_1_5' title='bbox 623 693 888 774; x_wconf 87' lang='lat' dir='ltr'><strong>denique</strong></span> <span class='ocrx_word' id='word_1_6' title='bbox 933 694 998 753; x_wconf 92' lang='lat' dir='ltr'><strong>in</strong></span> <span class='ocrx_word' id='word_1_7' title='bbox 1042 694 1337 755; x_wconf 86' lang='lat' dir='ltr'><strong>ultimum</strong></span> <span class='ocrx_word' id='word_1_8' title='bbox 1377 714 1623 756; x_wconf 85' lang='lat' dir='ltr'><strong>carmen</strong></span> <span class='ocrx_word' id='word_1_9' title='bbox 1658 693 2093 773; x_wconf 78' lang='lat' dir='ltr'><strong>peruenimus3</strong></span> <span class='ocrx_word' id='word_1_10' title='bbox 2136 691 2302 771; x_wconf 89' lang='lat' dir='ltr'><strong>quod</strong></span> <span class='ocrx_word' id='word_1_11' title='bbox 2327 711 2452 752; x_wconf 90' lang='lat' dir='ltr'><strong>non</strong></span> <span class='ocrx_word' id='word_1_12' title='bbox 2472 691 2844 769; x_wconf 79' lang='lat' dir='ltr'><strong>attingerem</strong></span> <span class='ocrx_word' id='word_1_13' title='bbox 2872 693 2990 754; x_wconf 90' lang='lat' dir='ltr'><strong>nisi</strong></span> <span class='ocrx_word' id='word_1_14' title='bbox 3018 716 3132 774; x_wconf 91' lang='lat' dir='ltr'><strong>pro</strong></span> <span class='ocrx_word' id='word_1_15' title='bbox 3162 695 3227 754; x_wconf 79' lang='lat' dir='ltr'><strong>in</strong></span> <span class='ocrx_word' id='word_1_16' title='bbox 3257 696 3628 755; x_wconf 76' lang='lat' dir='ltr'><strong>toto—Ionio</strong></span> <span class='ocrx_word' id='word_1_17' title='bbox 3656 697 3845 755; x_wconf 79' lang='lat' dir='ltr'><strong>Fran-</strong></span> 
     </span>
     <span class='ocr_line' id='line_1_3' title="bbox 622 786 3836 867; baseline -0 -18"><span class='ocrx_word' id='word_1_18' title='bbox 622 788 754 849; x_wconf 86' lang='lat' dir='ltr'><strong>cius</strong></span> <span class='ocrx_word' id='word_1_19' title='bbox 797 790 893 847; x_wconf 85' lang='lat' dir='ltr'><strong>‘in</strong></span> <span class='ocrx_word' id='word_1_20' title='bbox 923 796 1064 849; x_wconf 90' lang='lat' dir='ltr'><strong>tuto</strong></span> <span class='ocrx_word' id='word_1_21' title='bbox 1085 789 1099 813; x_wconf 96' lang='lat'>&#39;</span> <span class='ocrx_word' id='word_1_22' title='bbox 1139 790 1452 849; x_wconf 79' lang='lat' dir='ltr'><strong>Baehrens</strong></span> <span class='ocrx_word' id='word_1_23' title='bbox 1482 798 1497 823; x_wconf 90' lang='lat'>‘</span> <span class='ocrx_word' id='word_1_24' title='bbox 1520 787 1785 848; x_wconf 88' lang='lat' dir='ltr'><strong>intrato’</strong></span> <span class='ocrx_word' id='word_1_25' title='bbox 1815 792 2243 867; x_wconf 76' lang='lat' dir='ltr'><strong>temptassent,</strong></span> <span class='ocrx_word' id='word_1_26' title='bbox 2273 786 2390 846; x_wconf 87' lang='lat' dir='ltr'><strong>etsi</strong></span> <span class='ocrx_word' id='word_1_27' title='bbox 2431 786 2592 845; x_wconf 87' lang='lat' dir='ltr'><strong>illud</strong></span> <span class='ocrx_word' id='word_1_28' title='bbox 2633 787 2858 846; x_wconf 85' lang='lat' dir='ltr'><strong>fortius</strong></span> <span class='ocrx_word' id='word_1_29' title='bbox 2900 795 3034 847; x_wconf 86' lang='lat' dir='ltr'><strong>erat</strong></span> <span class='ocrx_word' id='word_1_30' title='bbox 3074 795 3137 848; x_wconf 91' lang='lat' dir='ltr'><strong>et</strong></span> <span class='ocrx_word' id='word_1_31' title='bbox 3178 808 3217 848; x_wconf 91' lang='lat' dir='ltr'><strong>a</strong></span> <span class='ocrx_word' id='word_1_32' title='bbox 3265 790 3490 849; x_wconf 86' lang='lat' dir='ltr'><strong>Seneca</strong></span> <span class='ocrx_word' id='word_1_33' title='bbox 3523 791 3662 867; x_wconf 70' lang='lat' dir='ltr'><strong>(Ay.</strong></span> <span class='ocrx_word' id='word_1_34' title='bbox 3692 790 3836 865; x_wconf 83' lang='lat'>527)</span> 
     </span>
     <span class='ocr_line' id='line_1_4' title="bbox 621 882 1896 960; baseline -0.001 -18"><span class='ocrx_word' id='word_1_35' title='bbox 621 882 850 943; x_wconf 84' lang='lat' dir='ltr'><strong>totiens</strong></span> <span class='ocrx_word' id='word_1_36' title='bbox 879 882 1163 960; x_wconf 81' lang='lat' dir='ltr'><strong>Properti</strong></span> <span class='ocrx_word' id='word_1_37' title='bbox 1192 882 1502 942; x_wconf 77' lang='lat' dir='ltr'><strong>imitatore</strong></span> <span class='ocrx_word' id='word_1_38' title='bbox 1532 883 1896 941; x_wconf 87' lang='lat' dir='ltr'><strong>stabilitum.</strong></span> 
     </span>
    </p>

    <p class='ocr_par' dir='ltr' id='par_1_3' title="bbox 619 971 3847 2088">
     <span class='ocr_line' id='line_1_5' title="bbox 784 971 3846 1053; baseline 0 -19"><span class='ocrx_word' id='word_1_39' title='bbox 784 975 970 1034; x_wconf 88' lang='lat' dir='ltr'><strong>finem</strong></span> <span class='ocrx_word' id='word_1_40' title='bbox 997 975 1221 1035; x_wconf 85' lang='lat' dir='ltr'><strong>faciam</strong></span> <span class='ocrx_word' id='word_1_41' title='bbox 1263 976 1328 1034; x_wconf 91' lang='lat' dir='ltr'><strong>in</strong></span> <span class='ocrx_word' id='word_1_42' title='bbox 1365 976 1460 1035; x_wconf 89' lang='lat' dir='ltr'><strong>IV</strong></span> <span class='ocrx_word' id='word_1_43' title='bbox 1500 994 1540 1034; x_wconf 88' lang='lat' dir='ltr'>x</span> <span class='ocrx_word' id='word_1_44' title='bbox 1582 976 1662 1036; x_wconf 85' lang='lat'><strong>43</strong></span> <span class='ocrx_word' id='word_1_45' title='bbox 1691 976 1801 1035; x_wconf 91' lang='lat' dir='ltr'><strong>ubi</strong></span> <span class='ocrx_word' id='word_1_46' title='bbox 1839 974 2180 1034; x_wconf 87' lang='lat' dir='ltr'><strong>immeritos</strong></span> <span class='ocrx_word' id='word_1_47' title='bbox 2208 972 2359 1032; x_wconf 90' lang='lat' dir='ltr'><strong>tulit</strong></span> <span class='ocrx_word' id='word_1_48' title='bbox 2383 972 2642 1052; x_wconf 81' lang='lat' dir='ltr'>plausus</span> <span class='ocrx_word' id='word_1_49' title='bbox 2672 971 2996 1034; x_wconf 86' lang='lat' dir='ltr'><strong>Schraderi</strong></span> <span class='ocrx_word' id='word_1_50' title='bbox 3034 974 3382 1035; x_wconf 77' lang='lat' dir='ltr'><strong>emendatio</strong></span> <span class='ocrx_word' id='word_1_51' title='bbox 3412 975 3542 1035; x_wconf 89' lang='lat' dir='ltr'><strong>‘illi</strong></span> <span class='ocrx_word' id='word_1_52' title='bbox 3570 975 3846 1053; x_wconf 69' lang='lat' dir='ltr'><strong>uirgatae</strong></span> 
     </span>
     <span class='ocr_line' id='line_1_6' title="bbox 622 1066 3844 1148; baseline 0 -21"><span class='ocrx_word' id='word_1_53' title='bbox 622 1068 958 1128; x_wconf 76' lang='lat' dir='ltr'><strong>maculanti</strong></span> <span class='ocrx_word' id='word_1_54' title='bbox 1001 1070 1289 1146; x_wconf 75' lang='lat' dir='ltr'><strong>sanquine</strong></span> <span class='ocrx_word' id='word_1_55' title='bbox 1329 1069 1581 1138; x_wconf 71' lang='lat' dir='ltr'><strong>bracas,&#39;</strong></span> <span class='ocrx_word' id='word_1_56' title='bbox 1627 1089 1751 1148; x_wconf 93' lang='lat' dir='ltr'><strong>qua</strong></span> <span class='ocrx_word' id='word_1_57' title='bbox 1791 1068 2068 1128; x_wconf 89' lang='lat' dir='ltr'><strong>nondum</strong></span> <span class='ocrx_word' id='word_1_58' title='bbox 2105 1066 2300 1126; x_wconf 89' lang='lat' dir='ltr'><strong>incisa</strong></span> <span class='ocrx_word' id='word_1_59' title='bbox 2341 1067 2490 1144; x_wconf 86' lang='lat' dir='ltr'><strong>gula</strong></span> <span class='ocrx_word' id='word_1_60' title='bbox 2529 1068 2745 1127; x_wconf 82' lang='lat' dir='ltr'><strong>bracae</strong></span> <span class='ocrx_word' id='word_1_61' title='bbox 2787 1068 3085 1145; x_wconf 85' lang='lat' dir='ltr'><strong>sanguine</strong></span> <span class='ocrx_word' id='word_1_62' title='bbox 3126 1067 3422 1128; x_wconf 89' lang='lat' dir='ltr'><strong>maculari</strong></span> <span class='ocrx_word' id='word_1_63' title='bbox 3456 1075 3844 1147; x_wconf 82' lang='lat' dir='ltr'><strong>praepostere</strong></span> 
     </span>
     <span class='ocr_line' id='line_1_7' title="bbox 623 1161 3839 1240; baseline 0.001 -20"><span class='ocrx_word' id='word_1_64' title='bbox 623 1161 935 1221; x_wconf 76' lang='lat' dir='ltr'><strong>dicuntur.</strong></span> <span class='ocrx_word' id='word_1_65' title='bbox 1017 1162 1184 1220; x_wconf 90' lang='lat' dir='ltr'><strong>hunc</strong></span> <span class='ocrx_word' id='word_1_66' title='bbox 1224 1161 1417 1238; x_wconf 84' lang='lat' dir='ltr'><strong>igitur</strong></span> <span class='ocrx_word' id='word_1_67' title='bbox 1459 1182 1665 1222; x_wconf 90' lang='lat' dir='ltr'><strong>rerum</strong></span> <span class='ocrx_word' id='word_1_68' title='bbox 1708 1163 1985 1223; x_wconf 88' lang='lat' dir='ltr'><strong>ordinem</strong></span> <span class='ocrx_word' id='word_1_69' title='bbox 2028 1161 2416 1221; x_wconf 84' lang='lat' dir='ltr'><strong>commendat</strong></span> <span class='ocrx_word' id='word_1_70' title='bbox 2462 1161 2777 1230; x_wconf 84' lang='lat' dir='ltr'><strong>Schrader,</strong></span> <span class='ocrx_word' id='word_1_71' title='bbox 2819 1161 3176 1240; x_wconf 81' lang='lat' dir='ltr'><strong>Propertius</strong></span> <span class='ocrx_word' id='word_1_72' title='bbox 3216 1181 3364 1222; x_wconf 89' lang='lat' dir='ltr'><strong>uero</strong></span> <span class='ocrx_word' id='word_1_73' title='bbox 3404 1162 3572 1223; x_wconf 89' lang='lat' dir='ltr'><strong>hunc</strong></span> <span class='ocrx_word' id='word_1_74' title='bbox 3614 1165 3702 1240; x_wconf 90' lang='lat' dir='ltr'><strong>(u.</strong></span> <span class='ocrx_word' id='word_1_75' title='bbox 3735 1163 3839 1238; x_wconf 83' lang='lat'><strong>37)</strong></span> 
     </span>
     <span class='ocr_line' id='line_1_8' title="bbox 624 1253 3842 1335; baseline 0 -22"><span class='ocrx_word' id='word_1_76' title='bbox 624 1254 956 1315; x_wconf 86' lang='lat' dir='ltr'><strong>‘desecta</strong></span> <span class='ocrx_word' id='word_1_77' title='bbox 980 1254 1269 1313; x_wconf 84' lang='lat' dir='ltr'><strong>Tolumni</strong></span> <span class='ocrx_word' id='word_1_78' title='bbox 1297 1255 1547 1314; x_wconf 85' lang='lat' dir='ltr'><strong>ceruix</strong></span> <span class='ocrx_word' id='word_1_79' title='bbox 1567 1255 1573 1335; x_wconf 86' lang='grc' dir='ltr'>Ι</span> <span class='ocrx_word' id='word_1_80' title='bbox 1592 1257 1903 1316; x_wconf 84' lang='lat' dir='ltr'><strong>Romanos</strong></span> <span class='ocrx_word' id='word_1_81' title='bbox 1934 1276 2061 1315; x_wconf 88' lang='lat' dir='ltr'><strong>san</strong></span> <span class='ocrx_word' id='word_1_82' title='bbox 2075 1254 2295 1331; x_wconf 84' lang='lat' dir='ltr'><strong>guine</strong></span> <span class='ocrx_word' id='word_1_83' title='bbox 2323 1253 2516 1313; x_wconf 89' lang='lat' dir='ltr'><strong>lauit</strong></span> <span class='ocrx_word' id='word_1_84' title='bbox 2537 1253 2765 1331; x_wconf 89' lang='lat' dir='ltr'><strong>equos.’</strong></span> <span class='ocrx_word' id='word_1_85' title='bbox 2810 1255 3074 1315; x_wconf 84' lang='lat' dir='ltr'><strong>talemne</strong></span> <span class='ocrx_word' id='word_1_86' title='bbox 3093 1261 3165 1314; x_wconf 91' lang='lat' dir='ltr'><strong>ut</strong></span> <span class='ocrx_word' id='word_1_87' title='bbox 3179 1254 3431 1315; x_wconf 88' lang='lat' dir='ltr'><strong>lucreris</strong></span> <span class='ocrx_word' id='word_1_88' title='bbox 3455 1256 3842 1323; x_wconf 88' lang='lat' dir='ltr'><strong>sententiam,</strong></span> 
     </span>
     <span class='ocr_line' id='line_1_9' title="bbox 619 1347 3841 1427; baseline -0 -19"><span class='ocrx_word' id='word_1_89' title='bbox 619 1367 838 1408; x_wconf 88' lang='lat' dir='ltr'><strong>uersus</strong></span> <span class='ocrx_word' id='word_1_90' title='bbox 859 1348 1054 1408; x_wconf 89' lang='lat' dir='ltr'><strong>uerba</strong></span> <span class='ocrx_word' id='word_1_91' title='bbox 1079 1353 1321 1426; x_wconf 87' lang='lat' dir='ltr'><strong>praeter</strong></span> <span class='ocrx_word' id='word_1_92' title='bbox 1347 1368 1544 1408; x_wconf 89' lang='lat' dir='ltr'><strong>unum</strong></span> <span class='ocrx_word' id='word_1_93' title='bbox 1574 1350 1781 1409; x_wconf 88' lang='lat' dir='ltr'><strong>omnia</strong></span> <span class='ocrx_word' id='word_1_94' title='bbox 1807 1349 2018 1409; x_wconf 85' lang='lat' dir='ltr'><strong>uexari</strong></span> <span class='ocrx_word' id='word_1_95' title='bbox 2046 1348 2349 1427; x_wconf 84' lang='lat' dir='ltr'><strong>patieris?</strong></span> <span class='ocrx_word' id='word_1_96' title='bbox 2393 1368 2519 1408; x_wconf 88' lang='lat' dir='ltr'><strong>non</strong></span> <span class='ocrx_word' id='word_1_97' title='bbox 2547 1348 2743 1408; x_wconf 90' lang='lat' dir='ltr'><strong>cred0.</strong></span> <span class='ocrx_word' id='word_1_98' title='bbox 2803 1348 2995 1407; x_wconf 90' lang='lat' dir='ltr'><strong>immo</strong></span> <span class='ocrx_word' id='word_1_99' title='bbox 3022 1347 3229 1427; x_wconf 88' lang='lat' dir='ltr'><strong>potius</strong></span> <span class='ocrx_word' id='word_1_100' title='bbox 3254 1348 3650 1407; x_wconf 87' lang='lat' dir='ltr'><strong>Lachmanno</strong></span> <span class='ocrx_word' id='word_1_101' title='bbox 3670 1348 3841 1408; x_wconf 88' lang='lat' dir='ltr'><strong>uiam</strong></span> 
     </span>
     <span class='ocr_line' id='line_1_10' title="bbox 622 1439 3843 1521; baseline -0 -21"><span class='ocrx_word' id='word_1_102' title='bbox 622 1448 971 1520; x_wconf 86' lang='lat' dir='ltr'><strong>praeeunte,</strong></span> <span class='ocrx_word' id='word_1_103' title='bbox 1000 1441 1229 1501; x_wconf 87' lang='lat' dir='ltr'><strong>eisdem</strong></span> <span class='ocrx_word' id='word_1_104' title='bbox 1272 1441 1494 1501; x_wconf 88' lang='lat' dir='ltr'><strong>litteris</strong></span> <span class='ocrx_word' id='word_1_105' title='bbox 1535 1445 1811 1503; x_wconf 72' lang='lat' dir='ltr'><strong>iaculans</strong></span> <span class='ocrx_word' id='word_1_106' title='bbox 1851 1445 1900 1502; x_wconf 78' lang='lat' dir='ltr'><strong>it</strong></span> <span class='ocrx_word' id='word_1_107' title='bbox 1932 1462 2043 1521; x_wconf 91' lang='lat' dir='ltr'><strong>pro</strong></span> <span class='ocrx_word' id='word_1_108' title='bbox 2086 1440 2450 1501; x_wconf 86' lang='lat' dir='ltr'><strong>‘iaculantis</strong></span> <span class='ocrx_word' id='word_1_109' title='bbox 2472 1439 2487 1466; x_wconf 91' lang='lat'>’</span> <span class='ocrx_word' id='word_1_110' title='bbox 2537 1440 2936 1520; x_wconf 87' lang='lat' dir='ltr'><strong>rescripseris,</strong></span> <span class='ocrx_word' id='word_1_111' title='bbox 2986 1445 3053 1500; x_wconf 78' lang='lat' dir='ltr'><strong>ut</strong></span> <span class='ocrx_word' id='word_1_112' title='bbox 3101 1448 3246 1501; x_wconf 84' lang='lat' dir='ltr'><strong>ante</strong></span> <span class='ocrx_word' id='word_1_113' title='bbox 3293 1449 3306 1473; x_wconf 90' lang='lat'>‘</span> <span class='ocrx_word' id='word_1_114' title='bbox 3328 1441 3624 1518; x_wconf 68' lang='lat' dir='ltr'><strong>uirgatis‘²</strong></span> <span class='ocrx_word' id='word_1_115' title='bbox 3662 1442 3843 1499; x_wconf 89' lang='lat' dir='ltr'><strong>amis·</strong></span> 
     </span>
     <span class='ocr_line' id='line_1_11' title="bbox 624 1533 3845 1613; baseline 0 -20"><span class='ocrx_word' id='word_1_116' title='bbox 624 1554 763 1593; x_wconf 89' lang='lat' dir='ltr'><strong>sum</strong></span> <span class='ocrx_word' id='word_1_117' title='bbox 825 1533 959 1594; x_wconf 91' lang='lat' dir='ltr'><strong>loco</strong></span> <span class='ocrx_word' id='word_1_118' title='bbox 1022 1554 1134 1594; x_wconf 91' lang='lat' dir='ltr'><strong>suo</strong></span> <span class='ocrx_word' id='word_1_119' title='bbox 1191 1534 1571 1595; x_wconf 76' lang='lat' dir='ltr'><strong>reddideris.¹</strong></span> <span class='ocrx_word' id='word_1_120' title='bbox 1675 1537 1761 1597; x_wconf 91' lang='lat' dir='ltr'><strong>sic</strong></span> <span class='ocrx_word' id='word_1_121' title='bbox 1816 1536 2059 1597; x_wconf 88' lang='lat' dir='ltr'><strong>uidebis</strong></span> <span class='ocrx_word' id='word_1_122' title='bbox 2115 1535 2533 1595; x_wconf 88' lang='lat' dir='ltr'><strong>Virdomarun</strong></span> <span class='ocrx_word' id='word_1_123' title='bbox 2587 1535 2765 1594; x_wconf 92' lang='lat' dir='ltr'><strong>illum</strong></span> <span class='ocrx_word' id='word_1_124' title='bbox 2822 1536 3005 1594; x_wconf 89' lang='lat' dir='ltr'><strong>modo</strong></span> <span class='ocrx_word' id='word_1_125' title='bbox 3059 1536 3296 1594; x_wconf 86' lang='lat' dir='ltr'><strong>uestitu</strong></span> <span class='ocrx_word' id='word_1_126' title='bbox 3360 1536 3667 1613; x_wconf 84' lang='lat' dir='ltr'><strong>insignem</strong></span> <span class='ocrx_word' id='word_1_127' title='bbox 3720 1536 3845 1595; x_wconf 87' lang='lat' dir='ltr'><strong>tela</strong></span> 
     </span>
     <span class='ocr_line' id='line_1_12' title="bbox 623 1627 3847 1709; baseline 0.001 -24"><span class='ocrx_word' id='word_1_128' title='bbox 623 1627 1035 1687; x_wconf 82' lang='lat' dir='ltr'><strong>intentantem</strong></span> <span class='ocrx_word' id='word_1_129' title='bbox 1073 1633 1216 1686; x_wconf 89' lang='lat' dir='ltr'><strong>ante</strong></span> <span class='ocrx_word' id='word_1_130' title='bbox 1253 1628 1503 1704; x_wconf 85' lang='lat' dir='ltr'><strong>agmina</strong></span> <span class='ocrx_word' id='word_1_131' title='bbox 1544 1650 1798 1691; x_wconf 90' lang='lat' dir='ltr'><strong>suorum</strong></span> <span class='ocrx_word' id='word_1_132' title='bbox 1841 1631 2180 1709; x_wconf 86' lang='lat' dir='ltr'><strong>procedere,</strong></span> <span class='ocrx_word' id='word_1_133' title='bbox 2208 1630 2391 1689; x_wconf 91' lang='lat' dir='ltr'><strong>modo</strong></span> <span class='ocrx_word' id='word_1_134' title='bbox 2434 1648 2473 1689; x_wconf 88' lang='lat' dir='ltr'><strong>a</strong></span> <span class='ocrx_word' id='word_1_135' title='bbox 2501 1629 2781 1688; x_wconf 83' lang='lat' dir='ltr'><strong>Romano</strong></span> <span class='ocrx_word' id='word_1_136' title='bbox 2812 1630 2964 1689; x_wconf 84' lang='lat' dir='ltr'><strong>duee</strong></span> <span class='ocrx_word' id='word_1_137' title='bbox 2997 1628 3350 1706; x_wconf 84' lang='lat' dir='ltr'><strong>iugulatum</strong></span> <span class='ocrx_word' id='word_1_138' title='bbox 3392 1628 3847 1707; x_wconf 83' lang='lat' dir='ltr'><strong>spoliatumque</strong></span> 
     </span>
     <span class='ocr_line' id='line_1_13' title="bbox 623 1721 3843 1802; baseline -0 -22"><span class='ocrx_word' id='word_1_139' title='bbox 623 1721 847 1780; x_wconf 85' lang='lat' dir='ltr'><strong>iacere:</strong></span> <span class='ocrx_word' id='word_1_140' title='bbox 910 1721 1152 1781; x_wconf 89' lang='lat' dir='ltr'><strong>uidebis</strong></span> <span class='ocrx_word' id='word_1_141' title='bbox 1203 1722 1370 1798; x_wconf 88' lang='lat' dir='ltr'><strong>quod</strong></span> <span class='ocrx_word' id='word_1_142' title='bbox 1417 1722 1734 1783; x_wconf 83' lang='lat' dir='ltr'><strong>Romanus</strong></span> <span class='ocrx_word' id='word_1_143' title='bbox 1783 1724 2183 1802; x_wconf 82' lang='lat' dir='ltr'><strong>Gallicusque</strong></span> <span class='ocrx_word' id='word_1_144' title='bbox 2231 1723 2529 1782; x_wconf 83' lang='lat' dir='ltr'><strong>exercitus</strong></span> <span class='ocrx_word' id='word_1_145' title='bbox 2572 1723 2868 1781; x_wconf 90' lang='lat' dir='ltr'><strong>uiderunt</strong></span> <span class='ocrx_word' id='word_1_146' title='bbox 2911 1723 2962 1780; x_wconf 84' lang='lat' dir='ltr'><strong>si</strong></span> <span class='ocrx_word' id='word_1_147' title='bbox 3018 1723 3170 1782; x_wconf 84' lang='lat' dir='ltr'><strong>fides</strong></span> <span class='ocrx_word' id='word_1_148' title='bbox 3217 1723 3554 1781; x_wconf 81' lang='lat' dir='ltr'><strong>Plutarcho</strong></span> <span class='ocrx_word' id='word_1_149' title='bbox 3609 1722 3675 1780; x_wconf 90' lang='lat' dir='ltr'><strong>in</strong></span> <span class='ocrx_word' id='word_1_150' title='bbox 3717 1724 3843 1780; x_wconf 79' lang='lat' dir='ltr'><strong>uita</strong></span> 
     </span>
     <span class='ocr_line' id='line_1_14' title="bbox 621 1812 3846 1895; baseline 0 -23"><span class='ocrx_word' id='word_1_151' title='bbox 621 1813 900 1872; x_wconf 77' lang='lat' dir='ltr'><strong>Marcelli</strong></span> <span class='ocrx_word' id='word_1_152' title='bbox 918 1836 965 1874; x_wconf 85' lang='lat' dir='ltr'><strong>c.</strong></span> <span class='ocrx_word' id='word_1_153' title='bbox 991 1812 1076 1874; x_wconf 80' lang='lat'><strong>7⁹</strong></span> <span class='ocrx_word' id='word_1_154' title='bbox 1050 1840 1111 1873; x_wconf 81' lang='grc' dir='ltr'><strong>εν</strong></span> <span class='ocrx_word' id='word_1_155' title='bbox 1142 1814 1316 1893; x_wconf 68' lang='grc' dir='ltr'>τούτῳ</span> <span class='ocrx_word' id='word_1_156' title='bbox 1341 1814 1400 1875; x_wconf 56' lang='lat' dir='ltr'><strong>f}</strong></span> <span class='ocrx_word' id='word_1_157' title='bbox 1423 1816 1716 1876; x_wconf 72' lang='grc' dir='ltr'>κἀτιῖὼν</span> <span class='ocrx_word' id='word_1_158' title='bbox 1692 1845 1722 1878; x_wconf 91' lang='grc' dir='ltr'><strong>ο</strong></span> <span class='ocrx_word' id='word_1_159' title='bbox 1743 1829 1853 1878; x_wconf 80' lang='grc' dir='ltr'><strong>τῶν</strong></span> <span class='ocrx_word' id='word_1_160' title='bbox 1875 1814 2312 1890; x_wconf 76' lang='grc' dir='ltr'>Γαλατῶνβασι</span> <span class='ocrx_word' id='word_1_161' title='bbox 2322 1815 2711 1882; x_wconf 78' lang='grc' dir='ltr'>λευς-πολυ</span> <span class='ocrx_word' id='word_1_162' title='bbox 2743 1816 2870 1895; x_wconf 80' lang='grc' dir='ltr'><strong>πρὸ</strong></span> <span class='ocrx_word' id='word_1_163' title='bbox 2908 1828 3035 1875; x_wconf 77' lang='grc' dir='ltr'><strong>τῶν</strong></span> <span class='ocrx_word' id='word_1_164' title='bbox 3073 1818 3306 1875; x_wconf 79' lang='grc' dir='ltr'>ἄλλων</span> <span class='ocrx_word' id='word_1_165' title='bbox 3342 1818 3684 1885; x_wconf 73' lang='grc' dir='ltr'>εξελᾶσας</span> <span class='ocrx_word' id='word_1_166' title='bbox 3721 1819 3846 1883; x_wconf 79' lang='grc' dir='ltr'>ἅμα</span> 
     </span>
     <span class='ocr_line' id='line_1_15' title="bbox 626 1903 3844 1992; baseline -0 -25"><span class='ocrx_word' id='word_1_167' title='bbox 626 1905 693 1992; x_wconf 73' lang='grc' dir='ltr'><strong>τῇ</strong></span> <span class='ocrx_word' id='word_1_168' title='bbox 720 1914 880 1991; x_wconf 85' lang='grc' dir='ltr'><strong>φωνῆ</strong></span> <span class='ocrx_word' id='word_1_169' title='bbox 910 1903 1279 1982; x_wconf 76' lang='grc' dir='ltr'>προκλητικον</span> <span class='ocrx_word' id='word_1_170' title='bbox 1306 1913 1699 1981; x_wconf 72' lang='grc' dir='ltr'>ἐπαλαλάζων</span> <span class='ocrx_word' id='word_1_171' title='bbox 1729 1914 1816 1969; x_wconf 74' lang='grc' dir='ltr'>καὶ</span> <span class='ocrx_word' id='word_1_172' title='bbox 1846 1913 1919 1970; x_wconf 81' lang='grc' dir='ltr'><strong>τὸ</strong></span> <span class='ocrx_word' id='word_1_173' title='bbox 1950 1910 2109 1986; x_wconf 83' lang='grc' dir='ltr'>δόρυ</span> <span class='ocrx_word' id='word_1_174' title='bbox 2138 1909 2531 1988; x_wconf 76' lang='grc' dir='ltr'>κραδαίνων</span> <span class='ocrx_word' id='word_1_175' title='bbox 2558 1910 2704 1985; x_wconf 74' lang='grc' dir='ltr'>α’νὴρ</span> <span class='ocrx_word' id='word_1_176' title='bbox 2725 1909 2945 1989; x_wconf 81' lang='grc' dir='ltr'>μεγέθει</span> <span class='ocrx_word' id='word_1_177' title='bbox 2966 1934 3022 1969; x_wconf 79' lang='grc' dir='ltr'><strong>τε</strong></span> <span class='ocrx_word' id='word_1_178' title='bbox 3050 1912 3315 1985; x_wconf 74' lang='grc' dir='ltr'>σώματος</span> <span class='ocrx_word' id='word_1_179' title='bbox 3346 1912 3441 1966; x_wconf 74' lang='grc' dir='ltr'>καὶ</span> <span class='ocrx_word' id='word_1_180' title='bbox 3464 1909 3808 1986; x_wconf 74' lang='grc' dir='ltr'>παιοτλίᾳ’</span> <span class='ocrx_word' id='word_1_181' title='bbox 3779 1933 3844 1967; x_wconf 77' lang='grc' dir='ltr'><strong>εν</strong></span> 
     </span>
     <span class='ocr_line' id='line_1_16' title="bbox 622 1998 3515 2088; baseline -0 -26"><span class='ocrx_word' id='word_1_182' title='bbox 622 2005 851 2084; x_wconf 68' lang='grc' dir='ltr'>ἀργύρῳ</span> <span class='ocrx_word' id='word_1_183' title='bbox 875 2008 964 2063; x_wconf 78' lang='grc' dir='ltr'>και</span> <span class='ocrx_word' id='word_1_184' title='bbox 994 2011 1187 2085; x_wconf 69' lang='grc' dir='ltr'><strong><em>χρυσῷ</em></strong></span> <span class='ocrx_word' id='word_1_185' title='bbox 1216 2029 1309 2065; x_wconf 77' lang='grc' dir='ltr'>και</span> <span class='ocrx_word' id='word_1_186' title='bbox 1346 2008 1614 2083; x_wconf 80' lang='grc' dir='ltr'>βαφαῖς</span> <span class='ocrx_word' id='word_1_187' title='bbox 1650 2029 1739 2063; x_wconf 80' lang='grc' dir='ltr'>και</span> <span class='ocrx_word' id='word_1_188' title='bbox 1766 2013 1907 2063; x_wconf 76' lang='grc' dir='ltr'>πᾶσι</span> <span class='ocrx_word' id='word_1_189' title='bbox 1932 2011 2324 2079; x_wconf 78' lang='grc' dir='ltr'>ποικίλμασιν,</span> <span class='ocrx_word' id='word_1_190' title='bbox 2357 2027 2540 2082; x_wconf 82' lang='grc' dir='ltr'>ωσπερ</span> <span class='ocrx_word' id='word_1_191' title='bbox 2568 2003 2847 2081; x_wconf 73' lang='grc' dir='ltr'>α’στράπη,</span> <span class='ocrx_word' id='word_1_192' title='bbox 2880 1998 3158 2082; x_wconf 69' lang='grc' dir='ltr'>διαφέρων</span> <span class='ocrx_word' id='word_1_193' title='bbox 3186 2002 3515 2088; x_wconf 70' lang='grc' dir='ltr'>στιλβουσῃ.</span> 
     </span>
    </p>

    <p class='ocr_par' dir='ltr' id='par_1_4' title="bbox 621 2094 3848 2362">
     <span class='ocr_line' id='line_1_17' title="bbox 786 2094 3848 2176; baseline -0.002 -18"><span class='ocrx_word' id='word_1_194' title='bbox 786 2098 894 2158; x_wconf 86' lang='lat' dir='ltr'><strong>sed</strong></span> <span class='ocrx_word' id='word_1_195' title='bbox 941 2096 1090 2157; x_wconf 90' lang='lat' dir='ltr'><strong>haec</strong></span> <span class='ocrx_word' id='word_1_196' title='bbox 1148 2099 1480 2159; x_wconf 82' lang='lat' dir='ltr'><strong>hactenus,</strong></span> <span class='ocrx_word' id='word_1_197' title='bbox 1542 2099 1618 2158; x_wconf 89' lang='lat' dir='ltr'><strong>de</strong></span> <span class='ocrx_word' id='word_1_198' title='bbox 1666 2097 1882 2156; x_wconf 84' lang='lat' dir='ltr'><strong>ceteris</strong></span> <span class='ocrx_word' id='word_1_199' title='bbox 1924 2097 2045 2157; x_wconf 90' lang='lat' dir='ltr'><strong>alio</strong></span> <span class='ocrx_word' id='word_1_200' title='bbox 2088 2101 2380 2175; x_wconf 87' lang='lat' dir='ltr'><strong>tempore,</strong></span> <span class='ocrx_word' id='word_1_201' title='bbox 2434 2096 2488 2155; x_wconf 90' lang='lat' dir='ltr'><strong>si</strong></span> <span class='ocrx_word' id='word_1_202' title='bbox 2536 2096 2632 2156; x_wconf 88' lang='lat' dir='ltr'><strong>dis</strong></span> <span class='ocrx_word' id='word_1_203' title='bbox 2681 2095 2962 2176; x_wconf 89' lang='lat' dir='ltr'><strong>placebit,</strong></span> <span class='ocrx_word' id='word_1_204' title='bbox 3009 2095 3398 2154; x_wconf 70' lang='lat' dir='ltr'><strong>disseremua</strong></span> <span class='ocrx_word' id='word_1_205' title='bbox 3484 2115 3648 2153; x_wconf 90' lang='lat' dir='ltr'><strong>nunc</strong></span> <span class='ocrx_word' id='word_1_206' title='bbox 3695 2094 3848 2153; x_wconf 89' lang='lat' dir='ltr'><strong>uiris</strong></span> 
     </span>
     <span class='ocr_line' id='line_1_18' title="bbox 623 2187 3843 2266; baseline -0.001 -15"><span class='ocrx_word' id='word_1_207' title='bbox 623 2188 821 2251; x_wconf 89' lang='lat' dir='ltr'><strong>doctis</strong></span> <span class='ocrx_word' id='word_1_208' title='bbox 850 2190 1084 2250; x_wconf 89' lang='lat' dir='ltr'><strong>Arturo</strong></span> <span class='ocrx_word' id='word_1_209' title='bbox 1110 2191 1358 2251; x_wconf 91' lang='lat' dir='ltr'><strong>Palmer</strong></span> <span class='ocrx_word' id='word_1_210' title='bbox 1385 2196 1447 2251; x_wconf 89' lang='lat' dir='ltr'><strong>et</strong></span> <span class='ocrx_word' id='word_1_211' title='bbox 1474 2191 1733 2251; x_wconf 87' lang='lat' dir='ltr'><strong>Alberto</strong></span> <span class='ocrx_word' id='word_1_212' title='bbox 1758 2190 1830 2248; x_wconf 84' lang='lat' dir='ltr'><strong>E.</strong></span> <span class='ocrx_word' id='word_1_213' title='bbox 1860 2190 2191 2249; x_wconf 86' lang='lat' dir='ltr'><strong>Housman</strong></span> <span class='ocrx_word' id='word_1_214' title='bbox 2217 2195 2412 2248; x_wconf 90' lang='lat' dir='ltr'><strong>restat</strong></span> <span class='ocrx_word' id='word_1_215' title='bbox 2440 2195 2516 2249; x_wconf 90' lang='lat' dir='ltr'><strong>ut</strong></span> <span class='ocrx_word' id='word_1_216' title='bbox 2544 2188 2776 2266; x_wconf 80' lang='lat' dir='ltr'><strong>gratias</strong></span> <span class='ocrx_word' id='word_1_217' title='bbox 2804 2187 3042 2248; x_wconf 83' lang='lat' dir='ltr'><strong>debitas</strong></span> <span class='ocrx_word' id='word_1_218' title='bbox 3071 2207 3325 2264; x_wconf 87' lang='lat' dir='ltr'><strong>agamus</strong></span> <span class='ocrx_word' id='word_1_219' title='bbox 3353 2187 3482 2266; x_wconf 89' lang='lat' dir='ltr'><strong>qui,</strong></span> <span class='ocrx_word' id='word_1_220' title='bbox 3511 2207 3652 2246; x_wconf 87' lang='lat' dir='ltr'><strong>cum</strong></span> <span class='ocrx_word' id='word_1_221' title='bbox 3682 2187 3843 2247; x_wconf 86' lang='lat' dir='ltr'><strong>inco-</strong></span> 
     </span>
     <span class='ocr_line' id='line_1_19' title="bbox 621 2281 3847 2362; baseline -0 -20"><span class='ocrx_word' id='word_1_222' title='bbox 621 2283 803 2344; x_wconf 86' lang='lat' dir='ltr'><strong>hatas</strong></span> <span class='ocrx_word' id='word_1_223' title='bbox 832 2284 943 2342; x_wconf 85' lang='lat' dir='ltr'><strong>has</strong></span> <span class='ocrx_word' id='word_1_224' title='bbox 984 2304 1161 2344; x_wconf 90' lang='lat' dir='ltr'><strong>curas</strong></span> <span class='ocrx_word' id='word_1_225' title='bbox 1190 2283 1600 2362; x_wconf 86' lang='lat' dir='ltr'><strong>inspiciendas</strong></span> <span class='ocrx_word' id='word_1_226' title='bbox 1640 2284 1730 2343; x_wconf 87' lang='lat' dir='ltr'><strong>eis</strong></span> <span class='ocrx_word' id='word_1_227' title='bbox 1760 2283 2161 2351; x_wconf 75' lang='lat' dir='ltr'><strong>misissemuS‚</strong></span> <span class='ocrx_word' id='word_1_228' title='bbox 2190 2281 2506 2361; x_wconf 89' lang='lat' dir='ltr'><strong>complura</strong></span> <span class='ocrx_word' id='word_1_229' title='bbox 2534 2283 2609 2342; x_wconf 87' lang='lat' dir='ltr'><strong>de</strong></span> <span class='ocrx_word' id='word_1_230' title='bbox 2651 2281 3052 2342; x_wconf 89' lang='lat' dir='ltr'><strong>emendandis</strong></span> <span class='ocrx_word' id='word_1_231' title='bbox 3080 2282 3156 2341; x_wconf 90' lang='lat' dir='ltr'><strong>iis</strong></span> <span class='ocrx_word' id='word_1_232' title='bbox 3183 2281 3539 2341; x_wconf 90' lang='lat' dir='ltr'><strong>monuerint</strong></span> <span class='ocrx_word' id='word_1_233' title='bbox 3566 2288 3630 2341; x_wconf 90' lang='lat' dir='ltr'><strong>et</strong></span> <span class='ocrx_word' id='word_1_234' title='bbox 3655 2282 3847 2341; x_wconf 88' lang='lat' dir='ltr'><strong>amice</strong></span> 
     </span>
    </p>
   </div>
   <div class='ocr_carea' id='block_1_3' title="bbox 621 2378 970 2439">
    <p class='ocr_par' dir='ltr' id='par_1_5' title="bbox 621 2378 970 2439">
     <span class='ocr_line' id='line_1_20' title="bbox 621 2378 970 2439; baseline -0.006 0"><span class='ocrx_word' id='word_1_235' title='bbox 621 2385 685 2439; x_wconf 83' lang='lat' dir='ltr'><strong>et</strong></span> <span class='ocrx_word' id='word_1_236' title='bbox 711 2378 970 2438; x_wconf 85' lang='lat' dir='ltr'><strong>utiliter.</strong></span> 
     </span>
    </p>
   </div>
   <div class='ocr_carea' id='block_1_4' title="bbox 752 2533 2240 2587">
    <p class='ocr_par' dir='ltr' id='par_1_6' title="bbox 752 2533 2240 2587">
     <span class='ocr_line' id='line_1_21' title="bbox 752 2533 2240 2587; baseline -0.002 -1"><span class='ocrx_word' id='word_1_237' title='bbox 752 2533 1218 2586; x_wconf 70' lang='lat' dir='ltr'><strong>CANTAmumAn</strong></span> <span class='ocrx_word' id='word_1_238' title='bbox 1250 2546 1547 2586; x_wconf 67' lang='lat' dir='ltr'><strong>semp-tvm</strong></span> <span class='ocrx_word' id='word_1_239' title='bbox 1573 2534 1657 2587; x_wconf 83' lang='lat' dir='ltr'><strong>In.</strong></span> <span class='ocrx_word' id='word_1_240' title='bbox 1688 2534 1853 2586; x_wconf 72' lang='lat' dir='ltr'><strong>Ssrr.</strong></span> <span class='ocrx_word' id='word_1_241' title='bbox 1885 2543 2240 2585; x_wconf 76' lang='lat' dir='ltr'><strong>Mocccxcxv.</strong></span> 
     </span>
    </p>
   </div>
   <div class='ocr_carea' id='block_1_5' title="bbox 624 2693 3843 2847">
    <p class='ocr_par' dir='ltr' id='par_1_7' title="bbox 624 2693 3843 2847">
     <span class='ocr_line' id='line_1_22' title="bbox 624 2693 3843 2833; baseline -0.002 -80"><span class='ocrx_word' id='word_1_242' title='bbox 624 2778 720 2833; x_wconf 67' lang='lat' dir='ltr'><strong>Ad</strong></span> <span class='ocrx_word' id='word_1_243' title='bbox 756 2700 773 2731; x_wconf 87' lang='lat'>¹</span> <span class='ocrx_word' id='word_1_244' title='bbox 809 2701 912 2753; x_wconf 86' lang='lat' dir='ltr'><strong>hae</strong></span> <span class='ocrx_word' id='word_1_245' title='bbox 935 2701 1084 2768; x_wconf 86' lang='lat' dir='ltr'><strong>ipsae</strong></span> <span class='ocrx_word' id='word_1_246' title='bbox 1108 2700 1355 2770; x_wconf 83' lang='lat' dir='ltr'><strong>syllabae</strong></span> <span class='ocrx_word' id='word_1_247' title='bbox 1377 2697 1635 2755; x_wconf 74' lang='lat' dir='ltr'><strong>confusae</strong></span> <span class='ocrx_word' id='word_1_248' title='bbox 1657 2698 1805 2769; x_wconf 86' lang='lat' dir='ltr'><strong>apud</strong></span> <span class='ocrx_word' id='word_1_249' title='bbox 1828 2698 2101 2754; x_wconf 82' lang='lat' dir='ltr'><strong>Velleium</strong></span> <span class='ocrx_word' id='word_1_250' title='bbox 2127 2699 2184 2751; x_wconf 95' lang='lat'><strong>11</strong></span> <span class='ocrx_word' id='word_1_251' title='bbox 2210 2702 2291 2752; x_wconf 83' lang='lat'><strong>29.</strong></span> <span class='ocrx_word' id='word_1_252' title='bbox 2313 2701 2348 2751; x_wconf 85' lang='lat'><strong>2</strong></span> <span class='ocrx_word' id='word_1_253' title='bbox 2379 2694 2559 2751; x_wconf 86' lang='lat' dir='ltr'><strong>locum</strong></span> <span class='ocrx_word' id='word_1_254' title='bbox 2594 2696 2859 2751; x_wconf 85' lang='lat' dir='ltr'><strong>dederunt</strong></span> <span class='ocrx_word' id='word_1_255' title='bbox 2894 2697 3133 2765; x_wconf 86' lang='lat' dir='ltr'><strong>optimae</strong></span> <span class='ocrx_word' id='word_1_256' title='bbox 3168 2693 3440 2764; x_wconf 84' lang='lat' dir='ltr'><strong>Maduigii</strong></span> <span class='ocrx_word' id='word_1_257' title='bbox 3474 2693 3843 2749; x_wconf 87' lang='lat' dir='ltr'><strong>emendationi</strong></span> 
     </span>
     <span class='ocr_line' id='line_1_23' title="bbox 722 2781 1016 2847; baseline 0.007 -15"><span class='ocrx_word' id='word_1_258' title='bbox 722 2798 771 2833; x_wconf 81' lang='lat' dir='ltr'><strong>u.</strong></span> <span class='ocrx_word' id='word_1_259' title='bbox 804 2781 830 2832; x_wconf 96' lang='lat'>1</span> <span class='ocrx_word' id='word_1_260' title='bbox 855 2797 905 2847; x_wconf 89' lang='lat' dir='ltr'><strong>p.</strong></span> <span class='ocrx_word' id='word_1_261' title='bbox 939 2784 1016 2835; x_wconf 88' lang='lat'><strong>18.</strong></span> 
     </span>
    </p>
   </div>
  </div>
 </body>
</html>
