<?xml version="1.0" encoding="UTF-8"?>
<!DOCTYPE html PUBLIC "-//W3C//DTD XHTML 1.0 Transitional//EN"
    "http://www.w3.org/TR/xhtml1/DTD/xhtml1-transitional.dtd">
<html xmlns="http://www.w3.org/1999/xhtml" xml:lang="en" lang="en">
 <head>
  <title>
</title>
<meta http-equiv="Content-Type" content="text/html;charset=utf-8" />
  <meta name='ocr-system' content='tesseract 3.04.00' />
  <meta name='ocr-capabilities' content='ocr_page ocr_carea ocr_par ocr_line ocrx_word'/>
</head>
<body>
  <div class='ocr_page' id='page_1' title='image "./carmina00propgoog_0031.png"; bbox 0 0 4890 6561; ppageno 0'>
   <div class='ocr_carea' id='block_1_1' title="bbox 1732 485 3867 554">
    <p class='ocr_par' dir='ltr' id='par_1_1' title="bbox 1732 485 3867 554">
     <span class='ocr_line' id='line_1_1' title="bbox 1732 485 3867 554; baseline 0 -17"><span class='ocrx_word' id='word_1_1' title='bbox 1732 485 1899 538; x_wconf 78' lang='lat' dir='ltr'><strong>SEX.</strong></span> <span class='ocrx_word' id='word_1_2' title='bbox 1949 485 2337 538; x_wconf 83' lang='lat' dir='ltr'><strong>PROPERTI</strong></span> <span class='ocrx_word' id='word_1_3' title='bbox 2376 485 2524 538; x_wconf 84' lang='lat' dir='ltr'><strong>LIB.</strong></span> <span class='ocrx_word' id='word_1_4' title='bbox 2578 487 2649 538; x_wconf 86' lang='lat' dir='ltr'><strong>II</strong></span> <span class='ocrx_word' id='word_1_5' title='bbox 2681 487 2827 554; x_wconf 87' lang='lat' dir='ltr'><strong>[III]</strong></span> <span class='ocrx_word' id='word_1_6' title='bbox 3801 489 3867 538; x_wconf 82' lang='lat'><strong>25</strong></span> 
     </span>
    </p>
   </div>
   <div class='ocr_carea' id='block_1_2' title="bbox 736 648 2204 1107">
    <p class='ocr_par' dir='ltr' id='par_1_2' title="bbox 736 648 2204 1107">
     <span class='ocr_line' id='line_1_2' title="bbox 798 648 1892 768; baseline 0.003 -68"><span class='ocrx_word' id='word_1_7' title='bbox 798 648 1250 768; x_wconf 43' lang='lat' dir='ltr'><strong>ipsa,·segiultura</strong></span> <span class='ocrx_word' id='word_1_8' title='bbox 1272 651 1419 704; x_wconf 80' lang='lat' dir='ltr'><strong>facta</strong></span> <span class='ocrx_word' id='word_1_9' title='bbox 1440 651 1604 728; x_wconf 79' lang='lat' dir='ltr'><strong>beata</strong></span> <span class='ocrx_word' id='word_1_10' title='bbox 1628 656 1747 713; x_wconf 87' lang='lat' dir='ltr'><strong>tua,</strong></span> <span class='ocrx_word' id='word_1_11' title='bbox 1880 716 1892 727; x_wconf 92' lang='lat'><strong>.</strong></span> 
     </span>
     <span class='ocr_line' id='line_1_3' title="bbox 736 715 2017 783; baseline 0.002 -17"><span class='ocrx_word' id='word_1_12' title='bbox 736 716 985 767; x_wconf 80' lang='lat' dir='ltr'><strong>narrabis</strong></span> <span class='ocrx_word' id='word_1_13' title='bbox 1049 717 1270 778; x_wconf 77' lang='lat' dir='ltr'><strong>enielae,</strong></span> <span class='ocrx_word' id='word_1_14' title='bbox 1298 734 1407 783; x_wconf 91' lang='lat' dir='ltr'><strong>quo</strong></span> <span class='ocrx_word' id='word_1_15' title='bbox 1430 721 1503 768; x_wconf 75' lang='lat' dir='ltr'><strong>srt</strong></span> <span class='ocrx_word' id='word_1_16' title='bbox 1526 718 1760 767; x_wconf 77' lang='lat' dir='ltr'><strong>formosa</strong></span> <span class='ocrx_word' id='word_1_17' title='bbox 1782 715 1981 782; x_wconf 81' lang='lat' dir='ltr'><strong>periclo</strong></span> <span class='ocrx_word' id='word_1_18' title='bbox 2002 735 2017 778; x_wconf 78' lang='lat'>3</span> 
     </span>
     <span class='ocr_line' id='line_1_4' title="bbox 803 781 1925 847; baseline 0 -16"><span class='ocrx_word' id='word_1_19' title='bbox 803 781 988 832; x_wconf 87' lang='lat' dir='ltr'><strong>credet</strong></span> <span class='ocrx_word' id='word_1_20' title='bbox 1011 789 1067 833; x_wconf 88' lang='lat' dir='ltr'><strong>et</strong></span> <span class='ocrx_word' id='word_1_21' title='bbox 1090 781 1204 843; x_wconf 85' lang='lat' dir='ltr'><strong>illa,</strong></span> <span class='ocrx_word' id='word_1_22' title='bbox 1232 798 1332 833; x_wconf 89' lang='lat' dir='ltr'><strong>sua</strong></span> <span class='ocrx_word' id='word_1_23' title='bbox 1355 782 1516 833; x_wconf 89' lang='lat' dir='ltr'><strong>docta</strong></span> <span class='ocrx_word' id='word_1_24' title='bbox 1539 781 1724 847; x_wconf 89' lang='lat' dir='ltr'><strong>puella</strong></span> <span class='ocrx_word' id='word_1_25' title='bbox 1746 781 1891 832; x_wconf 89' lang='lat' dir='ltr'><strong>malo</strong></span> <span class='ocrx_word' id='word_1_26' title='bbox 1910 801 1925 843; x_wconf 90' lang='lat'>;</span> 
     </span>
     <span class='ocr_line' id='line_1_5' title="bbox 738 846 1860 898; baseline -0.001 -1"><span class='ocrx_word' id='word_1_27' title='bbox 738 849 796 897; x_wconf 85' lang='lat' dir='ltr'><strong>et</strong></span> <span class='ocrx_word' id='word_1_28' title='bbox 814 846 918 897; x_wconf 89' lang='lat' dir='ltr'><strong>tibi</strong></span> <span class='ocrx_word' id='word_1_29' title='bbox 944 847 1226 898; x_wconf 85' lang='lat' dir='ltr'><strong>Maeonias</strong></span> <span class='ocrx_word' id='word_1_30' title='bbox 1249 847 1425 897; x_wconf 89' lang='lat' dir='ltr'><strong>omnis</strong></span> <span class='ocrx_word' id='word_1_31' title='bbox 1446 846 1695 898; x_wconf 79' lang='lat' dir='ltr'><strong>heroidas</strong></span> <span class='ocrx_word' id='word_1_32' title='bbox 1718 847 1860 897; x_wconf 87' lang='lat' dir='ltr'><strong>inter</strong></span> 
     </span>
     <span class='ocr_line' id='line_1_6' title="bbox 803 910 2204 976; baseline 0 -15"><span class='ocrx_word' id='word_1_33' title='bbox 803 910 1010 976; x_wconf 83' lang='lat' dir='ltr'><strong>primus</strong></span> <span class='ocrx_word' id='word_1_34' title='bbox 1033 912 1137 962; x_wconf 90' lang='lat' dir='ltr'><strong>erit</strong></span> <span class='ocrx_word' id='word_1_35' title='bbox 1161 911 1314 962; x_wconf 92' lang='lat' dir='ltr'><strong>nulla</strong></span> <span class='ocrx_word' id='word_1_36' title='bbox 1334 927 1442 961; x_wconf 90' lang='lat' dir='ltr'><strong>non</strong></span> <span class='ocrx_word' id='word_1_37' title='bbox 1465 911 1741 962; x_wconf 77' lang='lat' dir='ltr'>tribuente</span> <span class='ocrx_word' id='word_1_38' title='bbox 1765 911 1928 962; x_wconf 78' lang='lat' dir='ltr'><strong>locus·</strong></span> <span class='ocrx_word' id='word_1_39' title='bbox 2139 925 2204 974; x_wconf 91' lang='lat'><strong>30</strong></span> 
     </span>
     <span class='ocr_line' id='line_1_7' title="bbox 740 975 2183 1092; baseline 0.001 -67"><span class='ocrx_word' id='word_1_40' title='bbox 740 991 903 1037; x_wconf 88' lang='lat' dir='ltr'><strong>nunc,</strong></span> <span class='ocrx_word' id='word_1_41' title='bbox 931 980 1230 1092; x_wconf 52' lang='lat' dir='ltr'><strong>utcumgue</strong></span> <span class='ocrx_word' id='word_1_42' title='bbox 1253 980 1422 1041; x_wconf 86' lang='lat' dir='ltr'><strong>potes,</strong></span> <span class='ocrx_word' id='word_1_43' title='bbox 1437 975 1712 1052; x_wconf 39' lang='lat' dir='ltr'><strong>’fato-gere</strong></span> <span class='ocrx_word' id='word_1_44' title='bbox 1735 976 1922 1051; x_wconf 76' lang='lat' dir='ltr'><strong>saucia</strong></span> <span class='ocrx_word' id='word_1_45' title='bbox 1945 991 2147 1026; x_wconf 90' lang='lat' dir='ltr'><strong>morem</strong></span> <span class='ocrx_word' id='word_1_46' title='bbox 2171 996 2183 1026; x_wconf 76' lang='lat' dir='ltr'><em>z</em></span> 
     </span>
     <span class='ocr_line' id='line_1_8' title="bbox 803 1040 1837 1107; baseline 0 -15"><span class='ocrx_word' id='word_1_47' title='bbox 803 1046 862 1092; x_wconf 88' lang='lat' dir='ltr'><strong>et</strong></span> <span class='ocrx_word' id='word_1_48' title='bbox 884 1040 1018 1092; x_wconf 87' lang='lat' dir='ltr'><strong>deus</strong></span> <span class='ocrx_word' id='word_1_49' title='bbox 1040 1047 1097 1092; x_wconf 89' lang='lat' dir='ltr'><strong>et</strong></span> <span class='ocrx_word' id='word_1_50' title='bbox 1162 1057 1289 1091; x_wconf 89' lang='lat' dir='ltr'><strong>urus</strong></span> <span class='ocrx_word' id='word_1_51' title='bbox 1310 1045 1548 1092; x_wconf 84' lang='lat' dir='ltr'><strong>uertitur</strong></span> <span class='ocrx_word' id='word_1_52' title='bbox 1569 1057 1684 1107; x_wconf 79' lang='lat' dir='ltr'><strong>ipse</strong></span> <span class='ocrx_word' id='word_1_53' title='bbox 1706 1041 1837 1092; x_wconf 81' lang='lat' dir='ltr'><strong>dies.</strong></span> 
     </span>
    </p>
   </div>
   <div class='ocr_carea' id='block_1_3' title="bbox 1096 1246 1739 1310">
    <p class='ocr_par' dir='ltr' id='par_1_3' title="bbox 1096 1246 1739 1310">
     <span class='ocr_line' id='line_1_9' title="bbox 1096 1246 1739 1310; baseline 0 -12"><span class='ocrx_word' id='word_1_54' title='bbox 1096 1246 1378 1298; x_wconf 76' lang='lat' dir='ltr'><strong>xxvmb</strong></span> <span class='ocrx_word' id='word_1_55' title='bbox 1409 1248 1520 1310; x_wconf 90' lang='grc' dir='ltr'>[ΙΙΙ</span> <span class='ocrx_word' id='word_1_56' title='bbox 1555 1247 1739 1310; x_wconf 90' lang='lat' dir='ltr'><strong>XXV]</strong></span> 
     </span>
    </p>
   </div>
   <div class='ocr_carea' id='block_1_4' title="bbox 741 1366 2197 1433">
    <p class='ocr_par' dir='ltr' id='par_1_4' title="bbox 741 1366 2197 1433">
     <span class='ocr_line' id='line_1_10' title="bbox 741 1366 2197 1433; baseline -0.001 -15"><span class='ocrx_word' id='word_1_57' title='bbox 741 1366 1004 1433; x_wconf 89' lang='lat' dir='ltr'><strong>Iuppiter,</strong></span> <span class='ocrx_word' id='word_1_58' title='bbox 1032 1366 1260 1419; x_wconf 78' lang='lat' dir='ltr'><strong>affectae</strong></span> <span class='ocrx_word' id='word_1_59' title='bbox 1281 1368 1505 1419; x_wconf 90' lang='lat' dir='ltr'><strong>tandem</strong></span> <span class='ocrx_word' id='word_1_60' title='bbox 1529 1368 1781 1418; x_wconf 90' lang='lat' dir='ltr'><strong>miserere</strong></span> <span class='ocrx_word' id='word_1_61' title='bbox 1804 1366 2047 1433; x_wconf 86' lang='lat' dir='ltr'><strong>puellae:</strong></span> <span class='ocrx_word' id='word_1_62' title='bbox 2178 1381 2197 1417; x_wconf 89' lang='lat'>1</span> 
     </span>
    </p>
   </div>
   <div class='ocr_carea' id='block_1_5' title="bbox 740 1432 2204 1638">
    <p class='ocr_par' dir='ltr' id='par_1_5' title="bbox 740 1432 2204 1638">
     <span class='ocr_line' id='line_1_11' title="bbox 804 1432 2201 1484; baseline -0.001 -1"><span class='ocrx_word' id='word_1_63' title='bbox 804 1439 921 1483; x_wconf 86' lang='lat' dir='ltr'><strong>tam</strong></span> <span class='ocrx_word' id='word_1_64' title='bbox 944 1432 1179 1483; x_wconf 86' lang='lat' dir='ltr'><strong>formosa</strong></span> <span class='ocrx_word' id='word_1_65' title='bbox 1202 1440 1359 1483; x_wconf 87' lang='lat' dir='ltr'><strong>tuum</strong></span> <span class='ocrx_word' id='word_1_66' title='bbox 1384 1438 1601 1484; x_wconf 88' lang='lat' dir='ltr'><strong>mortua</strong></span> <span class='ocrx_word' id='word_1_67' title='bbox 1622 1433 1823 1483; x_wconf 85' lang='lat' dir='ltr'>crimen</span> <span class='ocrx_word' id='word_1_68' title='bbox 1845 1432 1962 1482; x_wconf 85' lang='lat' dir='ltr'><strong>erit.</strong></span> <span class='ocrx_word' id='word_1_69' title='bbox 2172 1446 2201 1481; x_wconf 87' lang='lat'>2</span> 
     </span>
     <span class='ocr_line' id='line_1_12' title="bbox 740 1496 2202 1562; baseline 0 -14"><span class='ocrx_word' id='word_1_70' title='bbox 740 1497 841 1548; x_wconf 91' lang='lat' dir='ltr'><strong>hoc</strong></span> <span class='ocrx_word' id='word_1_71' title='bbox 864 1497 967 1547; x_wconf 88' lang='lat' dir='ltr'><strong>tibi</strong></span> <span class='ocrx_word' id='word_1_72' title='bbox 993 1496 1080 1547; x_wconf 86' lang='lat' dir='ltr'><strong>uel</strong></span> <span class='ocrx_word' id='word_1_73' title='bbox 1104 1498 1304 1562; x_wconf 85' lang='lat' dir='ltr'><strong>poterit</strong></span> <span class='ocrx_word' id='word_1_74' title='bbox 1326 1498 1562 1548; x_wconf 86' lang='lat' dir='ltr'><strong>coniunx</strong></span> <span class='ocrx_word' id='word_1_75' title='bbox 1585 1498 1860 1562; x_wconf 77' lang='lat' dir='ltr'>ignoscere</span> <span class='ocrx_word' id='word_1_76' title='bbox 1886 1497 2022 1547; x_wconf 90' lang='lat' dir='ltr'><strong>Iuno</strong></span> <span class='ocrx_word' id='word_1_77' title='bbox 2043 1517 2055 1548; x_wconf 74' lang='grc' dir='ltr'><strong>ι</strong></span> <span class='ocrx_word' id='word_1_78' title='bbox 2140 1510 2202 1560; x_wconf 91' lang='lat'><strong>33</strong></span> 
     </span>
     <span class='ocr_line' id='line_1_13' title="bbox 804 1561 2204 1638; baseline 0 -27"><span class='ocrx_word' id='word_1_79' title='bbox 804 1561 1076 1623; x_wconf 68' lang='lat' dir='ltr'><strong>frangitur</strong></span> <span class='ocrx_word' id='word_1_80' title='bbox 1098 1568 1154 1613; x_wconf 89' lang='lat' dir='ltr'><strong>et</strong></span> <span class='ocrx_word' id='word_1_81' title='bbox 1179 1563 1332 1623; x_wconf 91' lang='lat' dir='ltr'><strong>Iuno,</strong></span> <span class='ocrx_word' id='word_1_82' title='bbox 1359 1563 1517 1628; x_wconf 87' lang='lat' dir='ltr'><strong>siqua</strong></span> <span class='ocrx_word' id='word_1_83' title='bbox 1539 1561 1722 1638; x_wconf 81' lang='lat' dir='ltr'><strong>puella</strong></span> <span class='ocrx_word' id='word_1_84' title='bbox 1744 1562 1897 1627; x_wconf 88' lang='lat' dir='ltr'><strong>perit.</strong></span> <span class='ocrx_word' id='word_1_85' title='bbox 2141 1576 2204 1625; x_wconf 85' lang='lat'><strong>34</strong></span> 
     </span>
    </p>
   </div>
   <div class='ocr_carea' id='block_1_6' title="bbox 650 1626 2206 2470">
    <p class='ocr_par' dir='ltr' id='par_1_6' title="bbox 650 1626 2206 2470">
     <span class='ocr_line' id='line_1_14' title="bbox 683 1626 2202 1691; baseline -0.001 -14"><span class='ocrx_word' id='word_1_86' title='bbox 683 1642 700 1677; x_wconf 89' lang='lat'>1</span> <span class='ocrx_word' id='word_1_87' title='bbox 740 1626 1002 1678; x_wconf 83' lang='lat' dir='ltr'><strong>deliciunt</strong></span> <span class='ocrx_word' id='word_1_88' title='bbox 1024 1627 1234 1691; x_wconf 87' lang='lat' dir='ltr'><strong>magico</strong></span> <span class='ocrx_word' id='word_1_89' title='bbox 1256 1628 1390 1677; x_wconf 89' lang='lat' dir='ltr'><strong>torti</strong></span> <span class='ocrx_word' id='word_1_90' title='bbox 1411 1627 1514 1677; x_wconf 89' lang='lat' dir='ltr'><strong>sub</strong></span> <span class='ocrx_word' id='word_1_91' title='bbox 1536 1641 1774 1677; x_wconf 78' lang='lat' dir='ltr'><strong>carmine</strong></span> <span class='ocrx_word' id='word_1_92' title='bbox 1799 1626 2026 1687; x_wconf 88' lang='lat' dir='ltr'><strong>rhombi,</strong></span> <span class='ocrx_word' id='word_1_93' title='bbox 2141 1640 2202 1691; x_wconf 92' lang='lat'><strong>35</strong></span> 
     </span>
     <span class='ocr_line' id='line_1_15' title="bbox 804 1691 1885 1751; baseline -0.002 -9"><span class='ocrx_word' id='word_1_94' title='bbox 804 1696 861 1742; x_wconf 90' lang='lat' dir='ltr'><strong>et</strong></span> <span class='ocrx_word' id='word_1_95' title='bbox 883 1696 1032 1742; x_wconf 86' lang='lat' dir='ltr'><strong>tacet</strong></span> <span class='ocrx_word' id='word_1_96' title='bbox 1053 1691 1298 1742; x_wconf 79' lang='lat' dir='ltr'><strong>extincto</strong></span> <span class='ocrx_word' id='word_1_97' title='bbox 1320 1692 1507 1742; x_wconf 88' lang='lat' dir='ltr'><strong>laurus</strong></span> <span class='ocrx_word' id='word_1_98' title='bbox 1528 1691 1729 1742; x_wconf 86' lang='lat' dir='ltr'><strong>adusta</strong></span> <span class='ocrx_word' id='word_1_99' title='bbox 1750 1691 1885 1751; x_wconf 78' lang='lat' dir='ltr'><strong>foc0,</strong></span> 
     </span>
     <span class='ocr_line' id='line_1_16' title="bbox 742 1753 2057 1821; baseline -0.001 -14"><span class='ocrx_word' id='word_1_100' title='bbox 742 1756 929 1807; x_wconf 86' lang='lat' dir='ltr'><strong>etiam</strong></span> <span class='ocrx_word' id='word_1_101' title='bbox 955 1756 1113 1806; x_wconf 88' lang='lat' dir='ltr'><strong>Luna</strong></span> <span class='ocrx_word' id='word_1_102' title='bbox 1135 1760 1301 1821; x_wconf 86' lang='lat' dir='ltr'><strong>negat</strong></span> <span class='ocrx_word' id='word_1_103' title='bbox 1325 1756 1525 1807; x_wconf 88' lang='lat' dir='ltr'><strong>totiens</strong></span> <span class='ocrx_word' id='word_1_104' title='bbox 1548 1755 1869 1807; x_wconf 77' lang='lat' dir='ltr'><strong>descendere</strong></span> <span class='ocrx_word' id='word_1_105' title='bbox 1890 1753 2057 1816; x_wconf 79' lang='lat' dir='ltr'><strong>caelu,</strong></span> 
     </span>
     <span class='ocr_line' id='line_1_17' title="bbox 805 1820 1969 1886; baseline 0 -16"><span class='ocrx_word' id='word_1_106' title='bbox 805 1820 1068 1886; x_wconf 86' lang='lat' dir='ltr'><strong>nigraque</strong></span> <span class='ocrx_word' id='word_1_107' title='bbox 1089 1820 1370 1871; x_wconf 77' lang='lat' dir='ltr'><strong>funestum</strong></span> <span class='ocrx_word' id='word_1_108' title='bbox 1393 1820 1629 1871; x_wconf 87' lang='lat' dir='ltr'><strong>concinit</strong></span> <span class='ocrx_word' id='word_1_109' title='bbox 1652 1836 1808 1871; x_wconf 90' lang='lat' dir='ltr'><strong>omen</strong></span> <span class='ocrx_word' id='word_1_110' title='bbox 1833 1820 1969 1872; x_wconf 86' lang='lat' dir='ltr'><strong>auis.</strong></span> 
     </span>
     <span class='ocr_line' id='line_1_18' title="bbox 680 1885 2198 1961; baseline 0 -26"><span class='ocrx_word' id='word_1_111' title='bbox 680 1896 706 1945; x_wconf 93' lang='lat'>7</span> <span class='ocrx_word' id='word_1_112' title='bbox 740 1885 789 1935; x_wconf 88' lang='lat' dir='ltr'><strong>si</strong></span> <span class='ocrx_word' id='word_1_113' title='bbox 810 1901 916 1935; x_wconf 91' lang='lat' dir='ltr'><strong>non</strong></span> <span class='ocrx_word' id='word_1_114' title='bbox 941 1886 1121 1946; x_wconf 86' lang='lat' dir='ltr'><strong>unius,</strong></span> <span class='ocrx_word' id='word_1_115' title='bbox 1148 1901 1367 1961; x_wconf 80' lang='lat' dir='ltr'><strong>quaes0,</strong></span> <span class='ocrx_word' id='word_1_116' title='bbox 1395 1886 1646 1936; x_wconf 89' lang='lat' dir='ltr'><strong>miserere</strong></span> <span class='ocrx_word' id='word_1_117' title='bbox 1668 1885 1916 1936; x_wconf 90' lang='lat' dir='ltr'><strong>duorum.</strong></span> <span class='ocrx_word' id='word_1_118' title='bbox 2139 1899 2198 1946; x_wconf 84' lang='lat'><strong>41</strong></span> 
     </span>
     <span class='ocr_line' id='line_1_19' title="bbox 678 1949 2202 2011; baseline -0.001 -12"><span class='ocrx_word' id='word_1_119' title='bbox 678 1950 709 1999; x_wconf 92' lang='lat'>8</span> <span class='ocrx_word' id='word_1_120' title='bbox 806 1950 1014 2011; x_wconf 87' lang='lat' dir='ltr'><strong>uiuam,</strong></span> <span class='ocrx_word' id='word_1_121' title='bbox 1041 1949 1088 2000; x_wconf 89' lang='lat' dir='ltr'><strong>si</strong></span> <span class='ocrx_word' id='word_1_122' title='bbox 1112 1954 1297 2001; x_wconf 85' lang='lat' dir='ltr'><strong>muet:</strong></span> <span class='ocrx_word' id='word_1_123' title='bbox 1334 1950 1381 2000; x_wconf 88' lang='lat' dir='ltr'><strong>si</strong></span> <span class='ocrx_word' id='word_1_124' title='bbox 1404 1949 1564 2001; x_wconf 86' lang='lat' dir='ltr'><strong>cadet</strong></span> <span class='ocrx_word' id='word_1_125' title='bbox 1586 1950 1701 2010; x_wconf 88' lang='lat' dir='ltr'><strong>illa,</strong></span> <span class='ocrx_word' id='word_1_126' title='bbox 1730 1949 1937 2000; x_wconf 86' lang='lat' dir='ltr'><strong>cadam.</strong></span> <span class='ocrx_word' id='word_1_127' title='bbox 2139 1964 2202 2011; x_wconf 84' lang='lat'><strong>4²</strong></span> 
     </span>
     <span class='ocr_line' id='line_1_20' title="bbox 679 2013 2204 2081; baseline 0 -16"><span class='ocrx_word' id='word_1_128' title='bbox 679 2027 707 2077; x_wconf 99' lang='lat'><strong>5</strong></span> <span class='ocrx_word' id='word_1_129' title='bbox 742 2030 854 2065; x_wconf 89' lang='lat' dir='ltr'><strong>una</strong></span> <span class='ocrx_word' id='word_1_130' title='bbox 876 2015 1012 2065; x_wconf 85' lang='lat' dir='ltr'><strong>ratis</strong></span> <span class='ocrx_word' id='word_1_131' title='bbox 1034 2013 1139 2065; x_wconf 85' lang='lat' dir='ltr'><strong>fati</strong></span> <span class='ocrx_word' id='word_1_132' title='bbox 1161 2018 1372 2065; x_wconf 86' lang='lat' dir='ltr'><strong>nostros</strong></span> <span class='ocrx_word' id='word_1_133' title='bbox 1395 2014 1635 2081; x_wconf 89' lang='lat' dir='ltr'><strong>portabit</strong></span> <span class='ocrx_word' id='word_1_134' title='bbox 1658 2030 1868 2065; x_wconf 87' lang='lat' dir='ltr'><strong>amores</strong></span> <span class='ocrx_word' id='word_1_135' title='bbox 2142 2028 2204 2077; x_wconf 93' lang='lat'><strong>39</strong></span> 
     </span>
     <span class='ocr_line' id='line_1_21' title="bbox 675 2074 2206 2141; baseline -0.001 -12"><span class='ocrx_word' id='word_1_136' title='bbox 675 2081 708 2128; x_wconf 90' lang='lat'><strong>6</strong></span> <span class='ocrx_word' id='word_1_137' title='bbox 806 2079 1024 2130; x_wconf 88' lang='lat' dir='ltr'><strong>caerula</strong></span> <span class='ocrx_word' id='word_1_138' title='bbox 1046 2079 1114 2129; x_wconf 91' lang='lat' dir='ltr'><strong>ad</strong></span> <span class='ocrx_word' id='word_1_139' title='bbox 1137 2074 1377 2130; x_wconf 82' lang='lat' dir='ltr'><strong>infernos</strong></span> <span class='ocrx_word' id='word_1_140' title='bbox 1399 2079 1677 2130; x_wconf 86' lang='lat' dir='ltr'><strong>uelificata</strong></span> <span class='ocrx_word' id='word_1_141' title='bbox 1699 2079 1864 2130; x_wconf 75' lang='lat' dir='ltr'><strong>lacuS.</strong></span> <span class='ocrx_word' id='word_1_142' title='bbox 2138 2095 2206 2141; x_wconf 85' lang='lat'><strong>40</strong></span> 
     </span>
     <span class='ocr_line' id='line_1_22' title="bbox 674 2143 2203 2219; baseline -0.001 -25"><span class='ocrx_word' id='word_1_143' title='bbox 674 2158 707 2206; x_wconf 90' lang='lat'><strong>9</strong></span> <span class='ocrx_word' id='word_1_144' title='bbox 742 2160 837 2209; x_wconf 91' lang='lat' dir='ltr'><strong>pro</strong></span> <span class='ocrx_word' id='word_1_145' title='bbox 860 2144 1058 2219; x_wconf 78' lang='lat' dir='ltr'><strong>quibus</strong></span> <span class='ocrx_word' id='word_1_146' title='bbox 1081 2143 1285 2209; x_wconf 86' lang='lat' dir='ltr'><strong>optatis</strong></span> <span class='ocrx_word' id='word_1_147' title='bbox 1307 2160 1459 2195; x_wconf 89' lang='lat' dir='ltr'><strong>sacro</strong></span> <span class='ocrx_word' id='word_1_148' title='bbox 1483 2160 1568 2195; x_wconf 89' lang='lat' dir='ltr'><strong>me</strong></span> <span class='ocrx_word' id='word_1_149' title='bbox 1590 2144 1828 2195; x_wconf 82' lang='lat' dir='ltr'><strong>carmine</strong></span> <span class='ocrx_word' id='word_1_150' title='bbox 1850 2143 2081 2194; x_wconf 85' lang='lat' dir='ltr'><strong>damno:</strong></span> <span class='ocrx_word' id='word_1_151' title='bbox 2139 2158 2203 2207; x_wconf 85' lang='lat'><strong>43</strong></span> 
     </span>
     <span class='ocr_line' id='line_1_23' title="bbox 804 2208 2203 2323; baseline -0.001 -63"><span class='ocrx_word' id='word_1_152' title='bbox 804 2208 1037 2323; x_wconf 53' lang='lat' dir='ltr'><strong>scnbf&#39;m</strong></span> <span class='ocrx_word' id='word_1_153' title='bbox 1076 2224 1177 2274; x_wconf 85' lang='lat' dir='ltr'><strong>ego</strong></span> <span class='ocrx_word' id='word_1_154' title='bbox 1221 2213 1234 2236; x_wconf 89' lang='lat'>‘</span> <span class='ocrx_word' id='word_1_155' title='bbox 1250 2225 1346 2275; x_wconf 91' lang='lat' dir='ltr'><strong>per</strong></span> <span class='ocrx_word' id='word_1_156' title='bbox 1383 2225 1643 2275; x_wconf 85' lang='lat' dir='ltr'><strong>magnum</strong></span> <span class='ocrx_word' id='word_1_157' title='bbox 1687 2213 1774 2260; x_wconf 87' lang='lat' dir='ltr'><strong>est</strong></span> <span class='ocrx_word' id='word_1_158' title='bbox 1816 2208 1976 2259; x_wconf 87' lang='lat' dir='ltr'><strong>salua</strong></span> <span class='ocrx_word' id='word_1_159' title='bbox 2018 2208 2203 2274; x_wconf 89' lang='lat' dir='ltr'><strong>puella</strong></span> 
     </span>
     <span class='ocr_line' id='line_1_24' title="bbox 967 2274 1185 2334; baseline 0.009 -12"><span class='ocrx_word' id='word_1_160' title='bbox 967 2290 1124 2324; x_wconf 89' lang='lat' dir='ltr'><strong>ouem</strong></span> <span class='ocrx_word' id='word_1_161' title='bbox 1143 2274 1185 2334; x_wconf 73' lang='grc' dir='ltr'><strong>’ς</strong></span> 
     </span>
     <span class='ocr_line' id='line_1_25' title="bbox 650 2336 2202 2404; baseline 0.001 -16"><span class='ocrx_word' id='word_1_162' title='bbox 650 2352 701 2388; x_wconf 84' lang='grc' dir='ltr'><strong>ιι</strong></span> <span class='ocrx_word' id='word_1_163' title='bbox 741 2342 870 2389; x_wconf 85' lang='lat' dir='ltr'><strong>ante</strong></span> <span class='ocrx_word' id='word_1_164' title='bbox 891 2342 1125 2403; x_wconf 89' lang='lat' dir='ltr'><strong>tuosque</strong></span> <span class='ocrx_word' id='word_1_165' title='bbox 1147 2337 1310 2403; x_wconf 89' lang='lat' dir='ltr'><strong>pedes</strong></span> <span class='ocrx_word' id='word_1_166' title='bbox 1333 2337 1431 2389; x_wconf 86' lang='lat' dir='ltr'><strong>illa</strong></span> <span class='ocrx_word' id='word_1_167' title='bbox 1452 2338 1571 2403; x_wconf 88' lang='lat' dir='ltr'><strong>ipsa</strong></span> <span class='ocrx_word' id='word_1_168' title='bbox 1594 2341 1820 2404; x_wconf 86' lang='lat' dir='ltr'><strong>operata</strong></span> <span class='ocrx_word' id='word_1_169' title='bbox 1840 2336 2069 2398; x_wconf 84' lang='lat' dir='ltr'><strong>sedebit,</strong></span> <span class='ocrx_word' id='word_1_170' title='bbox 2139 2349 2202 2401; x_wconf 85' lang='lat'><strong>45</strong></span> 
     </span>
     <span class='ocr_line' id='line_1_26' title="bbox 804 2402 1917 2470; baseline 0 -17"><span class='ocrx_word' id='word_1_171' title='bbox 804 2403 1156 2469; x_wconf 84' lang='lat' dir='ltr'><strong>narrabitque</strong></span> <span class='ocrx_word' id='word_1_172' title='bbox 1178 2402 1371 2455; x_wconf 89' lang='lat' dir='ltr'><strong>sedens</strong></span> <span class='ocrx_word' id='word_1_173' title='bbox 1393 2403 1558 2470; x_wconf 86' lang='lat' dir='ltr'><strong>longa</strong></span> <span class='ocrx_word' id='word_1_174' title='bbox 1578 2403 1780 2469; x_wconf 87' lang='lat' dir='ltr'><strong>pericla</strong></span> <span class='ocrx_word' id='word_1_175' title='bbox 1802 2418 1917 2454; x_wconf 85' lang='lat' dir='ltr'><strong>sua.</strong></span> 
     </span>
    </p>
   </div>
   <div class='ocr_carea' id='block_1_7' title="bbox 1090 2605 1761 2672">
    <p class='ocr_par' dir='ltr' id='par_1_7' title="bbox 1090 2605 1761 2672">
     <span class='ocr_line' id='line_1_27' title="bbox 1090 2605 1761 2672; baseline -0.004 -14"><span class='ocrx_word' id='word_1_176' title='bbox 1090 2605 1252 2658; x_wconf 90' lang='lat' dir='ltr'><strong>XXV</strong></span> <span class='ocrx_word' id='word_1_177' title='bbox 1258 2606 1368 2657; x_wconf 80' lang='lat'><em>1110</em></span> <span class='ocrx_word' id='word_1_178' title='bbox 1401 2605 1513 2672; x_wconf 90' lang='grc' dir='ltr'><strong>[ΙΙΙ</strong></span> <span class='ocrx_word' id='word_1_179' title='bbox 1547 2605 1761 2669; x_wconf 90' lang='lat' dir='ltr'><strong>XXVI]</strong></span> 
     </span>
    </p>
   </div>
   <div class='ocr_carea' id='block_1_8' title="bbox 679 2719 2206 3305">
    <p class='ocr_par' dir='ltr' id='par_1_8' title="bbox 679 2719 2206 3305">
     <span class='ocr_line' id='line_1_28' title="bbox 741 2719 2200 2786; baseline -0.001 -15"><span class='ocrx_word' id='word_1_180' title='bbox 741 2719 892 2771; x_wconf 87' lang='lat' dir='ltr'><strong>Haec</strong></span> <span class='ocrx_word' id='word_1_181' title='bbox 910 2724 1026 2780; x_wconf 86' lang='lat' dir='ltr'><strong>tua,</strong></span> <span class='ocrx_word' id='word_1_182' title='bbox 1056 2720 1414 2786; x_wconf 83' lang='lat' dir='ltr'><strong>Persephone,</strong></span> <span class='ocrx_word' id='word_1_183' title='bbox 1434 2725 1655 2771; x_wconf 89' lang='lat' dir='ltr'><strong>maneat</strong></span> <span class='ocrx_word' id='word_1_184' title='bbox 1677 2719 1984 2781; x_wconf 86' lang='lat' dir='ltr'><strong>clementia,</strong></span> <span class='ocrx_word' id='word_1_185' title='bbox 2002 2736 2101 2771; x_wconf 88' lang='lat' dir='ltr'><strong>nec</strong></span> <span class='ocrx_word' id='word_1_186' title='bbox 2120 2725 2200 2781; x_wconf 88' lang='lat' dir='ltr'><strong>tu,</strong></span> 
     </span>
     <span class='ocr_line' id='line_1_29' title="bbox 807 2784 2017 2850; baseline 0.002 -15"><span class='ocrx_word' id='word_1_187' title='bbox 807 2784 1183 2850; x_wconf 83' lang='lat' dir='ltr'><strong>Persephonae</strong></span> <span class='ocrx_word' id='word_1_188' title='bbox 1206 2785 1459 2845; x_wconf 83' lang='lat' dir='ltr'><strong>coniunx,</strong></span> <span class='ocrx_word' id='word_1_189' title='bbox 1486 2785 1700 2836; x_wconf 85' lang='lat' dir='ltr'><strong>saeuior</strong></span> <span class='ocrx_word' id='word_1_190' title='bbox 1723 2801 1840 2835; x_wconf 90' lang='lat' dir='ltr'><strong>esse</strong></span> <span class='ocrx_word' id='word_1_191' title='bbox 1864 2785 2017 2837; x_wconf 88' lang='lat' dir='ltr'><strong>uelis.</strong></span> 
     </span>
     <span class='ocr_line' id='line_1_30' title="bbox 740 2849 2001 2902; baseline 0.002 -2"><span class='ocrx_word' id='word_1_192' title='bbox 740 2853 872 2900; x_wconf 88' lang='lat' dir='ltr'><strong>sunt</strong></span> <span class='ocrx_word' id='word_1_193' title='bbox 894 2866 929 2899; x_wconf 89' lang='lat' dir='ltr'><strong>a</strong></span> <span class='ocrx_word' id='word_1_194' title='bbox 966 2849 1039 2900; x_wconf 89' lang='lat' dir='ltr'><strong>ud</strong></span> <span class='ocrx_word' id='word_1_195' title='bbox 1064 2849 1302 2901; x_wconf 79' lang='lat' dir='ltr'><strong>infernos</strong></span> <span class='ocrx_word' id='word_1_196' title='bbox 1326 2854 1411 2900; x_wconf 88' lang='lat' dir='ltr'><strong>tot</strong></span> <span class='ocrx_word' id='word_1_197' title='bbox 1433 2849 1589 2901; x_wconf 86' lang='lat' dir='ltr'><strong>milia</strong></span> <span class='ocrx_word' id='word_1_198' title='bbox 1610 2850 1967 2900; x_wconf 77' lang='lat' dir='ltr'><strong>formosarum</strong></span> <span class='ocrx_word' id='word_1_199' title='bbox 1989 2871 2001 2902; x_wconf 72' lang='grc' dir='ltr'><strong><em>ε</em></strong></span> 
     </span>
     <span class='ocr_line' id='line_1_31' title="bbox 840 2914 2206 2980; baseline 0.001 -16"><span class='ocrx_word' id='word_1_200' title='bbox 840 2914 928 2964; x_wconf 82' lang='grc' dir='ltr'>ιιΙο</span> <span class='ocrx_word' id='word_1_201' title='bbox 952 2930 1032 2964; x_wconf 73' lang='grc' dir='ltr'><strong>πε.</strong></span> <span class='ocrx_word' id='word_1_202' title='bbox 1053 2915 1127 2965; x_wconf 82' lang='lat' dir='ltr'><strong>sit</strong></span> <span class='ocrx_word' id='word_1_203' title='bbox 1150 2915 1206 2965; x_wconf 93' lang='lat' dir='ltr'><strong>in</strong></span> <span class='ocrx_word' id='word_1_204' title='bbox 1230 2915 1456 2980; x_wconf 79' lang='lat' dir='ltr'><strong>superiS,</strong></span> <span class='ocrx_word' id='word_1_205' title='bbox 1483 2915 1529 2965; x_wconf 88' lang='lat' dir='ltr'><strong>si</strong></span> <span class='ocrx_word' id='word_1_206' title='bbox 1552 2914 1697 2975; x_wconf 87' lang='lat' dir='ltr'><strong>licet,</strong></span> <span class='ocrx_word' id='word_1_207' title='bbox 1725 2931 1835 2965; x_wconf 91' lang='lat' dir='ltr'><strong>una</strong></span> <span class='ocrx_word' id='word_1_208' title='bbox 1859 2914 2003 2965; x_wconf 80' lang='lat' dir='ltr'><strong>locis,</strong></span> <span class='ocrx_word' id='word_1_209' title='bbox 2144 2927 2206 2979; x_wconf 87' lang='lat'><strong>50</strong></span> 
     </span>
     <span class='ocr_line' id='line_1_32' title="bbox 679 2979 2049 3045; baseline 0.001 -16"><span class='ocrx_word' id='word_1_210' title='bbox 679 2992 706 3044; x_wconf 88' lang='lat'><strong>5</strong></span> <span class='ocrx_word' id='word_1_211' title='bbox 741 2995 812 3029; x_wconf 92' lang='lat' dir='ltr'><strong>uo</strong></span> <span class='ocrx_word' id='word_1_212' title='bbox 851 2979 1023 3029; x_wconf 75' lang='lat' dir='ltr'><strong>iseum</strong></span> <span class='ocrx_word' id='word_1_213' title='bbox 1046 2984 1130 3030; x_wconf 87' lang='lat' dir='ltr'><strong>est</strong></span> <span class='ocrx_word' id='word_1_214' title='bbox 1156 2980 1301 3045; x_wconf 86' lang='lat' dir='ltr'><strong>Iope,</strong></span> <span class='ocrx_word' id='word_1_215' title='bbox 1329 2980 1608 3030; x_wconf 88' lang='lat' dir='ltr'><strong>uobiscum</strong></span> <span class='ocrx_word' id='word_1_216' title='bbox 1633 2979 1867 3030; x_wconf 87' lang='lat' dir='ltr'><strong>candida</strong></span> <span class='ocrx_word' id='word_1_217' title='bbox 1890 2980 2049 3045; x_wconf 86' lang='lat' dir='ltr'><strong>Tyro,</strong></span> 
     </span>
     <span class='ocr_line' id='line_1_33' title="bbox 806 3044 1944 3109; baseline 0.001 -16"><span class='ocrx_word' id='word_1_218' title='bbox 806 3044 1084 3095; x_wconf 85' lang='lat' dir='ltr'><strong>uobiscum</strong></span> <span class='ocrx_word' id='word_1_219' title='bbox 1112 3044 1256 3095; x_wconf 88' lang='lat' dir='ltr'><strong>Euro</strong></span> <span class='ocrx_word' id='word_1_220' title='bbox 1347 3060 1445 3095; x_wconf 91' lang='lat' dir='ltr'><strong>nec</strong></span> <span class='ocrx_word' id='word_1_221' title='bbox 1468 3044 1637 3109; x_wconf 88' lang='lat' dir='ltr'><strong>proba</strong></span> <span class='ocrx_word' id='word_1_222' title='bbox 1659 3044 1944 3109; x_wconf 80' lang='lat' dir='ltr'><strong>Pasiphae,</strong></span> 
     </span>
     <span class='ocr_line' id='line_1_34' title="bbox 740 3108 2200 3175; baseline 0 -16"><span class='ocrx_word' id='word_1_223' title='bbox 740 3112 838 3166; x_wconf 87' lang='lat' dir='ltr'><strong>†et</strong></span> <span class='ocrx_word' id='word_1_224' title='bbox 855 3113 989 3174; x_wconf 86' lang='lat' dir='ltr'><strong>quot</strong></span> <span class='ocrx_word' id='word_1_225' title='bbox 1007 3109 1171 3159; x_wconf 88' lang='lat' dir='ltr'><strong>Troia</strong></span> <span class='ocrx_word' id='word_1_226' title='bbox 1188 3113 1248 3159; x_wconf 97' lang='grc' dir='ltr'><strong>ιιι</strong></span> <span class='ocrx_word' id='word_1_227' title='bbox 1272 3109 1318 3160; x_wconf 89' lang='lat' dir='ltr'><strong>it</strong></span> <span class='ocrx_word' id='word_1_228' title='bbox 1342 3113 1502 3160; x_wconf 88' lang='lat' dir='ltr'><strong>uetus</strong></span> <span class='ocrx_word' id='word_1_229' title='bbox 1520 3113 1578 3160; x_wconf 90' lang='lat' dir='ltr'><strong>et</strong></span> <span class='ocrx_word' id='word_1_230' title='bbox 1600 3115 1734 3175; x_wconf 90' lang='lat' dir='ltr'><strong>quot</strong></span> <span class='ocrx_word' id='word_1_231' title='bbox 1753 3108 1966 3159; x_wconf 80' lang='lat' dir='ltr'><strong>Achaia</strong></span> <span class='ocrx_word' id='word_1_232' title='bbox 1981 3108 2200 3169; x_wconf 85' lang='lat' dir='ltr'><strong>formas,</strong></span> 
     </span>
     <span class='ocr_line' id='line_1_35' title="bbox 804 3173 2042 3238; baseline -0.002 -12"><span class='ocrx_word' id='word_1_233' title='bbox 804 3173 904 3226; x_wconf 84' lang='lat' dir='ltr'><strong>†et</strong></span> <span class='ocrx_word' id='word_1_234' title='bbox 928 3173 1134 3224; x_wconf 85' lang='lat' dir='ltr'><strong>Phoebi</strong></span> <span class='ocrx_word' id='word_1_235' title='bbox 1156 3179 1212 3224; x_wconf 85' lang='lat' dir='ltr'><strong>et</strong></span> <span class='ocrx_word' id='word_1_236' title='bbox 1237 3174 1441 3224; x_wconf 83' lang='lat' dir='ltr'><strong>Priami</strong></span> <span class='ocrx_word' id='word_1_237' title='bbox 1465 3173 1650 3224; x_wconf 88' lang='lat' dir='ltr'><strong>diruta</strong></span> <span class='ocrx_word' id='word_1_238' title='bbox 1673 3189 1838 3238; x_wconf 76' lang='lat' dir='ltr'><strong>regna</strong></span> <span class='ocrx_word' id='word_1_239' title='bbox 1861 3174 2006 3223; x_wconf 81' lang='lat' dir='ltr'><strong>senis</strong></span> <span class='ocrx_word' id='word_1_240' title='bbox 2031 3193 2042 3224; x_wconf 90' lang='lat'>:</span> 
     </span>
     <span class='ocr_line' id='line_1_36' title="bbox 742 3237 2162 3305; baseline 0.001 -16"><span class='ocrx_word' id='word_1_241' title='bbox 742 3242 799 3289; x_wconf 87' lang='lat' dir='ltr'><strong>et</strong></span> <span class='ocrx_word' id='word_1_242' title='bbox 821 3254 1194 3304; x_wconf 88' lang='lat' dir='ltr'><strong>quaecumque</strong></span> <span class='ocrx_word' id='word_1_243' title='bbox 1218 3244 1338 3290; x_wconf 88' lang='lat' dir='ltr'><strong>erat</strong></span> <span class='ocrx_word' id='word_1_244' title='bbox 1360 3239 1417 3290; x_wconf 93' lang='lat' dir='ltr'><strong>in</strong></span> <span class='ocrx_word' id='word_1_245' title='bbox 1442 3254 1668 3290; x_wconf 87' lang='lat' dir='ltr'><strong>numero</strong></span> <span class='ocrx_word' id='word_1_246' title='bbox 1690 3238 1940 3290; x_wconf 82' lang='lat' dir='ltr'><strong>Romana</strong></span> <span class='ocrx_word' id='word_1_247' title='bbox 1960 3237 2162 3305; x_wconf 88' lang='lat' dir='ltr'><strong>puella,</strong></span> 
     </span>
    </p>
   </div>
   <div class='ocr_carea' id='block_1_9' title="bbox 648 3302 2206 3508">
    <p class='ocr_par' dir='ltr' id='par_1_9' title="bbox 648 3302 2206 3508">
     <span class='ocr_line' id='line_1_37' title="bbox 648 3302 2205 3369; baseline 0.001 -16"><span class='ocrx_word' id='word_1_248' title='bbox 648 3318 708 3353; x_wconf 91' lang='lat'><strong>10</strong></span> <span class='ocrx_word' id='word_1_249' title='bbox 805 3302 1032 3355; x_wconf 89' lang='lat' dir='ltr'><strong>occidit:</strong></span> <span class='ocrx_word' id='word_1_250' title='bbox 1069 3303 1169 3354; x_wconf 88' lang='lat' dir='ltr'><strong>has</strong></span> <span class='ocrx_word' id='word_1_251' title='bbox 1193 3304 1367 3355; x_wconf 89' lang='lat' dir='ltr'><strong>omnis</strong></span> <span class='ocrx_word' id='word_1_252' title='bbox 1391 3304 1531 3369; x_wconf 84' lang='lat' dir='ltr'><strong>ignis</strong></span> <span class='ocrx_word' id='word_1_253' title='bbox 1553 3320 1753 3355; x_wconf 88' lang='lat' dir='ltr'><strong>auarus</strong></span> <span class='ocrx_word' id='word_1_254' title='bbox 1777 3303 1957 3354; x_wconf 88' lang='lat' dir='ltr'><strong>habet.</strong></span> <span class='ocrx_word' id='word_1_255' title='bbox 2144 3306 2205 3368; x_wconf 88' lang='lat'><strong>56</strong></span> 
     </span>
     <span class='ocr_line' id='line_1_38' title="bbox 742 3368 2206 3444; baseline 0.001 -26"><span class='ocrx_word' id='word_1_256' title='bbox 742 3368 869 3434; x_wconf 87' lang='lat' dir='ltr'><strong>(nec</strong></span> <span class='ocrx_word' id='word_1_257' title='bbox 905 3368 1081 3419; x_wconf 89' lang='lat' dir='ltr'><strong>forma</strong></span> <span class='ocrx_word' id='word_1_258' title='bbox 1115 3375 1397 3444; x_wconf 76' lang='lat' dir='ltr'><strong>aeternum</strong></span> <span class='ocrx_word' id='word_1_259' title='bbox 1435 3373 1538 3420; x_wconf 90' lang='lat' dir='ltr'><strong>aut</strong></span> <span class='ocrx_word' id='word_1_260' title='bbox 1575 3369 1830 3434; x_wconf 90' lang='lat' dir='ltr'><strong>cuiquam</strong></span> <span class='ocrx_word' id='word_1_261' title='bbox 1866 3374 1949 3420; x_wconf 80' lang='lat' dir='ltr'><strong>est</strong></span> <span class='ocrx_word' id='word_1_262' title='bbox 1985 3368 2206 3420; x_wconf 87' lang='lat' dir='ltr'><strong>fortuna</strong></span> 
     </span>
     <span class='ocr_line' id='line_1_39' title="bbox 935 3449 1217 3508; baseline 0.004 -25"><span class='ocrx_word' id='word_1_263' title='bbox 935 3449 1217 3508; x_wconf 80' lang='lat' dir='ltr'><strong>perennis:</strong></span> 
     </span>
    </p>
   </div>
   <div class='ocr_carea' id='block_1_10' title="bbox 654 3496 2207 3884">
    <p class='ocr_par' dir='ltr' id='par_1_10' title="bbox 654 3496 2207 3884">
     <span class='ocr_line' id='line_1_40' title="bbox 806 3496 2205 3565; baseline 0.001 -18"><span class='ocrx_word' id='word_1_264' title='bbox 806 3496 1022 3563; x_wconf 79' lang='lat' dir='ltr'><strong>longlus</strong></span> <span class='ocrx_word' id='word_1_265' title='bbox 1044 3504 1144 3549; x_wconf 89' lang='lat' dir='ltr'><strong>aut</strong></span> <span class='ocrx_word' id='word_1_266' title='bbox 1161 3498 1381 3565; x_wconf 89' lang='lat' dir='ltr'><strong>propius</strong></span> <span class='ocrx_word' id='word_1_267' title='bbox 1399 3513 1539 3549; x_wconf 89' lang='lat' dir='ltr'><strong>mors</strong></span> <span class='ocrx_word' id='word_1_268' title='bbox 1557 3514 1659 3549; x_wconf 88' lang='lat' dir='ltr'><strong>sua</strong></span> <span class='ocrx_word' id='word_1_269' title='bbox 1680 3515 1949 3564; x_wconf 87' lang='lat' dir='ltr'><strong>quemque</strong></span> <span class='ocrx_word' id='word_1_270' title='bbox 1969 3499 2205 3562; x_wconf 83' lang='lat' dir='ltr'><strong>manet.)</strong></span> 
     </span>
     <span class='ocr_line' id='line_1_41' title="bbox 743 3563 2183 3629; baseline 0 -17"><span class='ocrx_word' id='word_1_271' title='bbox 743 3565 806 3613; x_wconf 85' lang='lat' dir='ltr'><strong>tu</strong></span> <span class='ocrx_word' id='word_1_272' title='bbox 829 3563 1084 3628; x_wconf 88' lang='lat' dir='ltr'><strong>quoniam</strong></span> <span class='ocrx_word' id='word_1_273' title='bbox 1110 3579 1185 3624; x_wconf 74' lang='grc' dir='ltr'><strong>οε,</strong></span> <span class='ocrx_word' id='word_1_274' title='bbox 1212 3580 1335 3614; x_wconf 89' lang='lat' dir='ltr'><strong>mea</strong></span> <span class='ocrx_word' id='word_1_275' title='bbox 1358 3563 1472 3625; x_wconf 86' lang='lat' dir='ltr'><strong>lux,</strong></span> <span class='ocrx_word' id='word_1_276' title='bbox 1501 3579 1698 3626; x_wconf 70' lang='lat' dir='ltr'><strong>magno</strong></span> <span class='ocrx_word' id='word_1_277' title='bbox 1721 3563 1945 3614; x_wconf 83' lang='lat' dir='ltr'><strong>dimissa</strong></span> <span class='ocrx_word' id='word_1_278' title='bbox 1967 3563 2183 3629; x_wconf 81' lang='lat' dir='ltr'><strong>peri010‚</strong></span> 
     </span>
     <span class='ocr_line' id='line_1_42' title="bbox 804 3625 2207 3689; baseline 0.001 -13"><span class='ocrx_word' id='word_1_279' title='bbox 804 3643 1032 3679; x_wconf 87' lang='lat' dir='ltr'><strong>munera</strong></span> <span class='ocrx_word' id='word_1_280' title='bbox 1054 3627 1266 3679; x_wconf 90' lang='lat' dir='ltr'><strong>Dianae</strong></span> <span class='ocrx_word' id='word_1_281' title='bbox 1288 3628 1474 3679; x_wconf 86' lang='lat' dir='ltr'><strong>debita</strong></span> <span class='ocrx_word' id='word_1_282' title='bbox 1496 3625 1660 3678; x_wconf 89' lang='lat' dir='ltr'><strong>redde</strong></span> <span class='ocrx_word' id='word_1_283' title='bbox 1682 3628 1887 3689; x_wconf 87' lang='lat' dir='ltr'><strong>choros,</strong></span> <span class='ocrx_word' id='word_1_284' title='bbox 2140 3631 2207 3678; x_wconf 92' lang='lat'><strong>60</strong></span> 
     </span>
     <span class='ocr_line' id='line_1_43' title="bbox 654 3691 2202 3757; baseline 0.001 -15"><span class='ocrx_word' id='word_1_285' title='bbox 654 3705 709 3757; x_wconf 86' lang='lat'><strong>15</strong></span> <span class='ocrx_word' id='word_1_286' title='bbox 744 3691 907 3743; x_wconf 88' lang='lat' dir='ltr'><strong>redde</strong></span> <span class='ocrx_word' id='word_1_287' title='bbox 963 3692 1131 3743; x_wconf 82' lang='lat' dir='ltr'><strong>etiam</strong></span> <span class='ocrx_word' id='word_1_288' title='bbox 1188 3693 1446 3745; x_wconf 87' lang='lat' dir='ltr'><strong>excubias</strong></span> <span class='ocrx_word' id='word_1_289' title='bbox 1501 3693 1664 3744; x_wconf 87' lang='lat' dir='ltr'><strong>diuae</strong></span> <span class='ocrx_word' id='word_1_290' title='bbox 1718 3709 1879 3755; x_wconf 90' lang='lat' dir='ltr'><strong>nunc,</strong></span> <span class='ocrx_word' id='word_1_291' title='bbox 1940 3697 2069 3744; x_wconf 89' lang='lat' dir='ltr'><strong>ante</strong></span> <span class='ocrx_word' id='word_1_292' title='bbox 2123 3692 2202 3743; x_wconf 92' lang='lat' dir='ltr'><strong>iu·</strong></span> 
     </span>
     <span class='ocr_line' id='line_1_44' title="bbox 937 3773 1158 3818; baseline 0.009 -12"><span class='ocrx_word' id='word_1_293' title='bbox 937 3773 1158 3818; x_wconf 90' lang='lat' dir='ltr'><strong>uencae,</strong></span> 
     </span>
     <span class='ocr_line' id='line_1_45' title="bbox 806 3820 1914 3884; baseline 0.002 -13"><span class='ocrx_word' id='word_1_294' title='bbox 806 3820 1026 3873; x_wconf 81' lang='lat' dir='ltr'><strong>uotiuas</strong></span> <span class='ocrx_word' id='word_1_295' title='bbox 1047 3842 1062 3884; x_wconf 81' lang='lat'><em>3</em></span> <span class='ocrx_word' id='word_1_296' title='bbox 1096 3825 1280 3874; x_wconf 87' lang='lat' dir='ltr'><strong>noctes</strong></span> <span class='ocrx_word' id='word_1_297' title='bbox 1304 3827 1363 3874; x_wconf 87' lang='lat' dir='ltr'><strong>et</strong></span> <span class='ocrx_word' id='word_1_298' title='bbox 1384 3822 1519 3873; x_wconf 90' lang='lat' dir='ltr'><strong>mihi</strong></span> <span class='ocrx_word' id='word_1_299' title='bbox 1540 3822 1692 3874; x_wconf 86' lang='lat' dir='ltr'><strong>solue</strong></span> <span class='ocrx_word' id='word_1_300' title='bbox 1714 3821 1914 3874; x_wconf 88' lang='lat' dir='ltr'><strong>decem.</strong></span> 
     </span>
    </p>
   </div>
   <div class='ocr_carea' id='block_1_11' title="bbox 1112 4027 1737 4093">
    <p class='ocr_par' dir='ltr' id='par_1_11' title="bbox 1112 4027 1737 4093">
     <span class='ocr_line' id='line_1_46' title="bbox 1112 4027 1737 4093; baseline 0.003 -15"><span class='ocrx_word' id='word_1_301' title='bbox 1112 4027 1309 4079; x_wconf 87' lang='lat' dir='ltr'><strong>XXIX</strong></span> <span class='ocrx_word' id='word_1_302' title='bbox 1342 4029 1454 4091; x_wconf 89' lang='lat' dir='ltr'><strong>[III</strong></span> <span class='ocrx_word' id='word_1_303' title='bbox 1489 4028 1737 4093; x_wconf 91' lang='lat' dir='ltr'><strong>XXVII]</strong></span> 
     </span>
    </p>
   </div>
   <div class='ocr_carea' id='block_1_12' title="bbox 742 4141 2203 4533">
    <p class='ocr_par' dir='ltr' id='par_1_12' title="bbox 745 4141 2069 4269">
     <span class='ocr_line' id='line_1_47' title="bbox 745 4141 2069 4210; baseline 0.002 -17"><span class='ocrx_word' id='word_1_304' title='bbox 745 4141 1015 4194; x_wconf 85' lang='lat' dir='ltr'><strong>Hesterno</strong></span> <span class='ocrx_word' id='word_1_305' title='bbox 1038 4142 1197 4193; x_wconf 90' lang='lat' dir='ltr'><strong>modo</strong></span> <span class='ocrx_word' id='word_1_306' title='bbox 1219 4159 1342 4194; x_wconf 88' lang='lat' dir='ltr'><strong>cum</strong></span> <span class='ocrx_word' id='word_1_307' title='bbox 1438 4148 1499 4194; x_wconf 87' lang='lat' dir='ltr'><strong>tu</strong></span> <span class='ocrx_word' id='word_1_308' title='bbox 1521 4145 1619 4194; x_wconf 78' lang='lat' dir='ltr'><strong>sub</strong></span> <span class='ocrx_word' id='word_1_309' title='bbox 1642 4149 1800 4196; x_wconf 87' lang='lat' dir='ltr'><strong>nocte</strong></span> <span class='ocrx_word' id='word_1_310' title='bbox 1824 4160 2069 4210; x_wconf 85' lang='lat' dir='ltr'><strong>uagarer,</strong></span> 
     </span>
     <span class='ocr_line' id='line_1_48' title="bbox 808 4208 1930 4269; baseline 0.002 -12"><span class='ocrx_word' id='word_1_311' title='bbox 808 4223 906 4257; x_wconf 89' lang='lat' dir='ltr'><strong>nec</strong></span> <span class='ocrx_word' id='word_1_312' title='bbox 929 4224 1016 4258; x_wconf 90' lang='lat' dir='ltr'><strong>me</strong></span> <span class='ocrx_word' id='word_1_313' title='bbox 1038 4224 1315 4258; x_wconf 85' lang='lat' dir='ltr'><strong>seruorum</strong></span> <span class='ocrx_word' id='word_1_314' title='bbox 1378 4215 1559 4259; x_wconf 87' lang='lat' dir='ltr'><strong>uceret</strong></span> <span class='ocrx_word' id='word_1_315' title='bbox 1582 4208 1697 4259; x_wconf 87' lang='lat' dir='ltr'><strong>ulla</strong></span> <span class='ocrx_word' id='word_1_316' title='bbox 1718 4225 1930 4269; x_wconf 75' lang='lat' dir='ltr'><strong>manuS,</strong></span> 
     </span>
    </p>

    <p class='ocr_par' dir='ltr' id='par_1_13' title="bbox 744 4272 2045 4400">
     <span class='ocr_line' id='line_1_49' title="bbox 744 4272 2045 4338; baseline 0.002 -16"><span class='ocrx_word' id='word_1_317' title='bbox 744 4272 925 4333; x_wconf 88' lang='lat' dir='ltr'><strong>obuia,</strong></span> <span class='ocrx_word' id='word_1_318' title='bbox 953 4273 1268 4338; x_wconf 86' lang='lat' dir='ltr'><strong>nescioquot</strong></span> <span class='ocrx_word' id='word_1_319' title='bbox 1289 4273 1456 4338; x_wconf 87' lang='lat' dir='ltr'><strong>pueri,</strong></span> <span class='ocrx_word' id='word_1_320' title='bbox 1486 4273 1618 4324; x_wconf 89' lang='lat' dir='ltr'><strong>mihi</strong></span> <span class='ocrx_word' id='word_1_321' title='bbox 1640 4273 1807 4325; x_wconf 79' lang='lat' dir='ltr'><strong>turba</strong></span> <span class='ocrx_word' id='word_1_322' title='bbox 1827 4274 2045 4325; x_wconf 83' lang='lat' dir='ltr'><strong>minuta</strong></span> 
     </span>
     <span class='ocr_line' id='line_1_50' title="bbox 806 4337 2016 4400; baseline 0.002 -13"><span class='ocrx_word' id='word_1_323' title='bbox 806 4342 1036 4387; x_wconf 85' lang='lat' dir='ltr'><strong>uenerat</strong></span> <span class='ocrx_word' id='word_1_324' title='bbox 1060 4337 1177 4398; x_wconf 84' lang='lat' dir='ltr'><strong>(hos</strong></span> <span class='ocrx_word' id='word_1_325' title='bbox 1202 4338 1387 4389; x_wconf 88' lang='lat' dir='ltr'><strong>uetuit</strong></span> <span class='ocrx_word' id='word_1_326' title='bbox 1400 4354 1485 4388; x_wconf 91' lang='lat' dir='ltr'><strong>me</strong></span> <span class='ocrx_word' id='word_1_327' title='bbox 1510 4354 1792 4389; x_wconf 87' lang='lat' dir='ltr'><strong>numerare</strong></span> <span class='ocrx_word' id='word_1_328' title='bbox 1817 4339 2016 4400; x_wconf 84' lang='lat' dir='ltr'><strong>timor),</strong></span> 
     </span>
    </p>

    <p class='ocr_par' dir='ltr' id='par_1_14' title="bbox 742 4401 2203 4533">
     <span class='ocr_line' id='line_1_51' title="bbox 742 4401 2203 4469; baseline 0.002 -18"><span class='ocrx_word' id='word_1_329' title='bbox 742 4417 975 4468; x_wconf 90' lang='lat' dir='ltr'><strong>quorum</strong></span> <span class='ocrx_word' id='word_1_330' title='bbox 997 4401 1094 4451; x_wconf 86' lang='lat' dir='ltr'><strong>alii</strong></span> <span class='ocrx_word' id='word_1_331' title='bbox 1118 4401 1343 4460; x_wconf 82' lang='lat' dir='ltr'><strong>faculas,</strong></span> <span class='ocrx_word' id='word_1_332' title='bbox 1370 4402 1467 4453; x_wconf 87' lang='lat' dir='ltr'><strong>alii</strong></span> <span class='ocrx_word' id='word_1_333' title='bbox 1491 4402 1723 4454; x_wconf 87' lang='lat' dir='ltr'><strong>retinere</strong></span> <span class='ocrx_word' id='word_1_334' title='bbox 1745 4403 1997 4468; x_wconf 73' lang='lat' dir='ltr'><strong>sagittae,</strong></span> <span class='ocrx_word' id='word_1_335' title='bbox 2176 4417 2203 4469; x_wconf 88' lang='lat'><strong>5</strong></span> 
     </span>
     <span class='ocr_line' id='line_1_52' title="bbox 809 4466 1978 4533; baseline 0.002 -17"><span class='ocrx_word' id='word_1_336' title='bbox 809 4482 933 4532; x_wconf 87' lang='lat' dir='ltr'><strong>pars</strong></span> <span class='ocrx_word' id='word_1_337' title='bbox 956 4466 1125 4518; x_wconf 83' lang='lat' dir='ltr'><strong>etiam</strong></span> <span class='ocrx_word' id='word_1_338' title='bbox 1145 4467 1266 4518; x_wconf 89' lang='lat' dir='ltr'><strong>uisa</strong></span> <span class='ocrx_word' id='word_1_339' title='bbox 1287 4472 1373 4519; x_wconf 55' lang='lat' dir='ltr'><strong>ost</strong></span> <span class='ocrx_word' id='word_1_340' title='bbox 1390 4468 1574 4518; x_wconf 89' lang='lat' dir='ltr'><strong>uincla</strong></span> <span class='ocrx_word' id='word_1_341' title='bbox 1596 4484 1786 4533; x_wconf 87' lang='lat' dir='ltr'><strong>parare</strong></span> <span class='ocrx_word' id='word_1_342' title='bbox 1808 4468 1943 4518; x_wconf 87' lang='lat' dir='ltr'><strong>mihi</strong></span> <span class='ocrx_word' id='word_1_343' title='bbox 1963 4487 1978 4528; x_wconf 81' lang='lat'>3</span> 
     </span>
    </p>
   </div>
   <div class='ocr_carea' id='block_1_13' title="bbox 2305 650 3871 2967">
    <p class='ocr_par' dir='ltr' id='par_1_15' title="bbox 2305 650 3871 2967">
     <span class='ocr_line' id='line_1_53' title="bbox 2305 650 3653 726; baseline -0.001 -23"><span class='ocrx_word' id='word_1_344' title='bbox 2305 650 2400 703; x_wconf 87' lang='lat' dir='ltr'><strong>sed</strong></span> <span class='ocrx_word' id='word_1_345' title='bbox 2424 651 2558 702; x_wconf 93' lang='lat' dir='ltr'><strong>nudi</strong></span> <span class='ocrx_word' id='word_1_346' title='bbox 2581 651 2643 702; x_wconf 82' lang='grc' dir='ltr'><strong>1ιὶ</strong></span> <span class='ocrx_word' id='word_1_347' title='bbox 2661 651 2895 702; x_wconf 84' lang='lat' dir='ltr'><strong>fuerant.</strong></span> <span class='ocrx_word' id='word_1_348' title='bbox 2963 666 3192 726; x_wconf 75' lang='lat' dir='ltr'><strong>quorum</strong></span> <span class='ocrx_word' id='word_1_349' title='bbox 3217 650 3470 703; x_wconf 88' lang='lat' dir='ltr'><strong>lasciuior</strong></span> <span class='ocrx_word' id='word_1_350' title='bbox 3491 666 3653 713; x_wconf 89' lang='lat' dir='ltr'><strong>unus,</strong></span> 
     </span>
     <span class='ocr_line' id='line_1_54' title="bbox 2376 715 3767 782; baseline -0.001 -15"><span class='ocrx_word' id='word_1_351' title='bbox 2376 722 2390 744; x_wconf 79' lang='lat'><em>⁴</em></span> <span class='ocrx_word' id='word_1_352' title='bbox 2406 717 2631 782; x_wconf 82' lang='lat' dir='ltr'><strong>arripite</strong></span> <span class='ocrx_word' id='word_1_353' title='bbox 2654 716 2835 776; x_wconf 88' lang='lat' dir='ltr'><strong>hunc,&#39;</strong></span> <span class='ocrx_word' id='word_1_354' title='bbox 2858 716 3039 781; x_wconf 81' lang='lat' dir='ltr'><strong>inquit</strong></span> <span class='ocrx_word' id='word_1_355' title='bbox 3067 721 3079 743; x_wconf 92' lang='lat'>‘</span> <span class='ocrx_word' id='word_1_356' title='bbox 3097 732 3223 766; x_wconf 90' lang='lat' dir='ltr'><strong>nam</strong></span> <span class='ocrx_word' id='word_1_357' title='bbox 3250 715 3385 768; x_wconf 88' lang='lat' dir='ltr'><strong>bene</strong></span> <span class='ocrx_word' id='word_1_358' title='bbox 3415 716 3587 766; x_wconf 88' lang='lat' dir='ltr'><strong>nostis</strong></span> <span class='ocrx_word' id='word_1_359' title='bbox 3611 731 3767 767; x_wconf 80' lang='lat' dir='ltr'><strong>eum:</strong></span> 
     </span>
     <span class='ocr_line' id='line_1_55' title="bbox 2306 779 3552 842; baseline 0.001 -12"><span class='ocrx_word' id='word_1_360' title='bbox 2306 780 2393 831; x_wconf 88' lang='lat' dir='ltr'><strong>hic</strong></span> <span class='ocrx_word' id='word_1_361' title='bbox 2416 786 2554 842; x_wconf 87' lang='lat' dir='ltr'><strong>erat,</strong></span> <span class='ocrx_word' id='word_1_362' title='bbox 2581 781 2727 831; x_wconf 89' lang='lat' dir='ltr'><strong>hunc</strong></span> <span class='ocrx_word' id='word_1_363' title='bbox 2749 779 2945 831; x_wconf 90' lang='lat' dir='ltr'><strong>mulier</strong></span> <span class='ocrx_word' id='word_1_364' title='bbox 2967 780 3122 831; x_wconf 87' lang='lat' dir='ltr'><strong>nobis</strong></span> <span class='ocrx_word' id='word_1_365' title='bbox 3145 781 3289 831; x_wconf 88' lang='lat' dir='ltr'><strong>irata</strong></span> <span class='ocrx_word' id='word_1_366' title='bbox 3310 779 3552 832; x_wconf 85' lang='lat' dir='ltr'><strong>locauit.’</strong></span> 
     </span>
     <span class='ocr_line' id='line_1_56' title="bbox 2370 845 3864 905; baseline -0.001 -10"><span class='ocrx_word' id='word_1_367' title='bbox 2370 845 2529 905; x_wconf 82' lang='lat' dir='ltr'><strong>dixit,</strong></span> <span class='ocrx_word' id='word_1_368' title='bbox 2558 850 2614 897; x_wconf 89' lang='lat' dir='ltr'><strong>et</strong></span> <span class='ocrx_word' id='word_1_369' title='bbox 2637 846 2694 896; x_wconf 92' lang='lat' dir='ltr'><strong>in</strong></span> <span class='ocrx_word' id='word_1_370' title='bbox 2717 845 2856 896; x_wconf 86' lang='lat' dir='ltr'><strong>collo</strong></span> <span class='ocrx_word' id='word_1_371' title='bbox 2877 846 2987 896; x_wconf 87' lang='lat' dir='ltr'><strong>iam</strong></span> <span class='ocrx_word' id='word_1_372' title='bbox 3012 845 3145 896; x_wconf 90' lang='lat' dir='ltr'><strong>mihi</strong></span> <span class='ocrx_word' id='word_1_373' title='bbox 3169 845 3341 895; x_wconf 87' lang='lat' dir='ltr'><strong>nodus</strong></span> <span class='ocrx_word' id='word_1_374' title='bbox 3364 849 3496 897; x_wconf 88' lang='lat' dir='ltr'><strong>erat.</strong></span> <span class='ocrx_word' id='word_1_375' title='bbox 3805 858 3864 894; x_wconf 94' lang='lat'><strong>10</strong></span> 
     </span>
     <span class='ocr_line' id='line_1_57' title="bbox 2305 909 3667 976; baseline 0 -16"><span class='ocrx_word' id='word_1_376' title='bbox 2305 909 2394 960; x_wconf 90' lang='lat' dir='ltr'><strong>hic</strong></span> <span class='ocrx_word' id='word_1_377' title='bbox 2417 910 2559 962; x_wconf 90' lang='lat' dir='ltr'><strong>alter</strong></span> <span class='ocrx_word' id='word_1_378' title='bbox 2581 911 2735 961; x_wconf 91' lang='lat' dir='ltr'><strong>iubet</strong></span> <span class='ocrx_word' id='word_1_379' title='bbox 2758 911 2815 961; x_wconf 92' lang='lat' dir='ltr'><strong>in</strong></span> <span class='ocrx_word' id='word_1_380' title='bbox 2838 910 3078 961; x_wconf 88' lang='lat' dir='ltr'><strong>medium</strong></span> <span class='ocrx_word' id='word_1_381' title='bbox 3102 910 3415 976; x_wconf 86' lang='lat' dir='ltr'><strong>propellere,</strong></span> <span class='ocrx_word' id='word_1_382' title='bbox 3442 914 3503 962; x_wconf 90' lang='lat' dir='ltr'><strong>at</strong></span> <span class='ocrx_word' id='word_1_383' title='bbox 3525 909 3667 961; x_wconf 88' lang='lat' dir='ltr'><strong>alter</strong></span> 
     </span>
     <span class='ocr_line' id='line_1_58' title="bbox 2375 974 3518 1040; baseline 0 -16"><span class='ocrx_word' id='word_1_384' title='bbox 2375 975 2644 1026; x_wconf 86' lang='lat' dir='ltr'><strong>‘intereat</strong></span> <span class='ocrx_word' id='word_1_385' title='bbox 2666 975 2760 1040; x_wconf 90' lang='lat' dir='ltr'><strong>qui</strong></span> <span class='ocrx_word' id='word_1_386' title='bbox 2784 991 2882 1025; x_wconf 90' lang='lat' dir='ltr'><strong>nos</strong></span> <span class='ocrx_word' id='word_1_387' title='bbox 2903 992 3012 1026; x_wconf 89' lang='lat' dir='ltr'><strong>non</strong></span> <span class='ocrx_word' id='word_1_388' title='bbox 3035 981 3195 1040; x_wconf 84' lang='lat' dir='ltr'><strong>putat</strong></span> <span class='ocrx_word' id='word_1_389' title='bbox 3220 991 3336 1025; x_wconf 84' lang='lat' dir='ltr'><strong>esse</strong></span> <span class='ocrx_word' id='word_1_390' title='bbox 3359 974 3487 1025; x_wconf 88' lang='lat' dir='ltr'><strong>deos</strong></span> <span class='ocrx_word' id='word_1_391' title='bbox 3509 980 3518 1024; x_wconf 89' lang='lat'>!</span> 
     </span>
     <span class='ocr_line' id='line_1_59' title="bbox 2305 1038 3668 1105; baseline 0.001 -16"><span class='ocrx_word' id='word_1_392' title='bbox 2305 1038 2439 1090; x_wconf 84' lang='lat' dir='ltr'><strong>haec</strong></span> <span class='ocrx_word' id='word_1_393' title='bbox 2463 1044 2518 1091; x_wconf 90' lang='lat' dir='ltr'><strong>te</strong></span> <span class='ocrx_word' id='word_1_394' title='bbox 2536 1056 2644 1090; x_wconf 89' lang='lat' dir='ltr'><strong>non</strong></span> <span class='ocrx_word' id='word_1_395' title='bbox 2668 1040 2924 1091; x_wconf 90' lang='lat' dir='ltr'><strong>meritum</strong></span> <span class='ocrx_word' id='word_1_396' title='bbox 2948 1045 3091 1090; x_wconf 77' lang='lat' dir='ltr'><strong>totas</strong></span> <span class='ocrx_word' id='word_1_397' title='bbox 3117 1044 3371 1105; x_wconf 84' lang='lat' dir='ltr'><strong>expectat</strong></span> <span class='ocrx_word' id='word_1_398' title='bbox 3392 1040 3449 1089; x_wconf 92' lang='lat' dir='ltr'><strong>in</strong></span> <span class='ocrx_word' id='word_1_399' title='bbox 3472 1039 3634 1090; x_wconf 85' lang='lat' dir='ltr'><strong>horas</strong></span> <span class='ocrx_word' id='word_1_400' title='bbox 3657 1060 3668 1090; x_wconf 74' lang='grc' dir='ltr'><strong>ε</strong></span> 
     </span>
     <span class='ocr_line' id='line_1_60' title="bbox 2373 1104 3530 1171; baseline 0 -15"><span class='ocrx_word' id='word_1_401' title='bbox 2373 1109 2435 1156; x_wconf 84' lang='lat' dir='ltr'><strong>at</strong></span> <span class='ocrx_word' id='word_1_402' title='bbox 2458 1109 2522 1156; x_wconf 89' lang='lat' dir='ltr'><strong>tu</strong></span> <span class='ocrx_word' id='word_1_403' title='bbox 2546 1105 2863 1170; x_wconf 83' lang='lat' dir='ltr'><strong>nescioquas</strong></span> <span class='ocrx_word' id='word_1_404' title='bbox 2885 1104 3119 1171; x_wconf 88' lang='lat' dir='ltr'><strong>quaeris,</strong></span> <span class='ocrx_word' id='word_1_405' title='bbox 3147 1104 3346 1169; x_wconf 86' lang='lat' dir='ltr'><strong>inepte,</strong></span> <span class='ocrx_word' id='word_1_406' title='bbox 3374 1104 3530 1156; x_wconf 78' lang='lat' dir='ltr'><strong>fores.</strong></span> 
     </span>
     <span class='ocr_line' id='line_1_61' title="bbox 2307 1168 3865 1234; baseline -0.001 -16"><span class='ocrx_word' id='word_1_407' title='bbox 2307 1185 2448 1234; x_wconf 89' lang='lat' dir='ltr'><strong>quae</strong></span> <span class='ocrx_word' id='word_1_408' title='bbox 2471 1186 2595 1220; x_wconf 88' lang='lat' dir='ltr'><strong>cum</strong></span> <span class='ocrx_word' id='word_1_409' title='bbox 2620 1169 2874 1220; x_wconf 86' lang='lat' dir='ltr'><strong>Sidoniae</strong></span> <span class='ocrx_word' id='word_1_410' title='bbox 2897 1174 3163 1220; x_wconf 85' lang='lat' dir='ltr'><strong>nocturna</strong></span> <span class='ocrx_word' id='word_1_411' title='bbox 3184 1168 3446 1233; x_wconf 85' lang='lat' dir='ltr'><strong>ligamina</strong></span> <span class='ocrx_word' id='word_1_412' title='bbox 3467 1169 3663 1220; x_wconf 88' lang='lat' dir='ltr'><strong>mitrae</strong></span> <span class='ocrx_word' id='word_1_413' title='bbox 3810 1179 3865 1231; x_wconf 88' lang='lat'><strong>15</strong></span> 
     </span>
     <span class='ocr_line' id='line_1_62' title="bbox 2372 1233 3603 1309; baseline 0 -25"><span class='ocrx_word' id='word_1_414' title='bbox 2372 1234 2601 1284; x_wconf 87' lang='lat' dir='ltr'><strong>soluerit</strong></span> <span class='ocrx_word' id='word_1_415' title='bbox 2621 1240 2789 1309; x_wconf 89' lang='lat' dir='ltr'><strong>atque</strong></span> <span class='ocrx_word' id='word_1_416' title='bbox 2812 1233 2995 1285; x_wconf 85' lang='lat' dir='ltr'><strong>oculos</strong></span> <span class='ocrx_word' id='word_1_417' title='bbox 3020 1235 3251 1284; x_wconf 86' lang='lat' dir='ltr'><strong>mouerit</strong></span> <span class='ocrx_word' id='word_1_418' title='bbox 3273 1233 3370 1284; x_wconf 85' lang='lat' dir='ltr'><strong>illa</strong></span> <span class='ocrx_word' id='word_1_419' title='bbox 3390 1249 3603 1309; x_wconf 76' lang='lat' dir='ltr'><strong>graueS,</strong></span> 
     </span>
     <span class='ocr_line' id='line_1_63' title="bbox 2307 1298 3709 1363; baseline -0.001 -14"><span class='ocrx_word' id='word_1_420' title='bbox 2307 1298 2593 1349; x_wconf 84' lang='lat' dir='ltr'><strong>adflabunt</strong></span> <span class='ocrx_word' id='word_1_421' title='bbox 2615 1298 2719 1349; x_wconf 81' lang='lat' dir='ltr'><strong>tibi</strong></span> <span class='ocrx_word' id='word_1_422' title='bbox 2744 1315 2849 1349; x_wconf 90' lang='lat' dir='ltr'><strong>non</strong></span> <span class='ocrx_word' id='word_1_423' title='bbox 2875 1298 3120 1349; x_wconf 84' lang='lat' dir='ltr'><strong>Arabum</strong></span> <span class='ocrx_word' id='word_1_424' title='bbox 3144 1298 3212 1349; x_wconf 92' lang='lat' dir='ltr'><strong>de</strong></span> <span class='ocrx_word' id='word_1_425' title='bbox 3234 1313 3478 1363; x_wconf 81' lang='lat' dir='ltr'><strong>gramine</strong></span> <span class='ocrx_word' id='word_1_426' title='bbox 3501 1298 3709 1357; x_wconf 90' lang='lat' dir='ltr'><strong>odores,</strong></span> 
     </span>
     <span class='ocr_line' id='line_1_64' title="bbox 2371 1363 3530 1429; baseline 0 -16"><span class='ocrx_word' id='word_1_427' title='bbox 2371 1363 2466 1413; x_wconf 90' lang='lat' dir='ltr'><strong>sed</strong></span> <span class='ocrx_word' id='word_1_428' title='bbox 2492 1379 2626 1428; x_wconf 90' lang='lat' dir='ltr'><strong>quos</strong></span> <span class='ocrx_word' id='word_1_429' title='bbox 2649 1364 2763 1429; x_wconf 87' lang='lat' dir='ltr'><strong>ipse</strong></span> <span class='ocrx_word' id='word_1_430' title='bbox 2785 1363 2899 1414; x_wconf 87' lang='lat' dir='ltr'><strong>suis</strong></span> <span class='ocrx_word' id='word_1_431' title='bbox 2923 1363 3053 1414; x_wconf 84' lang='lat' dir='ltr'><strong>fecit</strong></span> <span class='ocrx_word' id='word_1_432' title='bbox 3076 1367 3240 1413; x_wconf 89' lang='lat' dir='ltr'><strong>Amor</strong></span> <span class='ocrx_word' id='word_1_433' title='bbox 3263 1363 3530 1413; x_wconf 89' lang='lat' dir='ltr'><strong>manibus.</strong></span> 
     </span>
     <span class='ocr_line' id='line_1_65' title="bbox 2306 1427 3734 1493; baseline -0.001 -16"><span class='ocrx_word' id='word_1_434' title='bbox 2306 1428 2511 1493; x_wconf 87' lang='lat' dir='ltr'><strong>parcite</strong></span> <span class='ocrx_word' id='word_1_435' title='bbox 2535 1428 2662 1489; x_wconf 85' lang='lat' dir='ltr'><strong>iarn,</strong></span> <span class='ocrx_word' id='word_1_436' title='bbox 2688 1427 2900 1488; x_wconf 75' lang='lat' dir='ltr'><strong>iratres,</strong></span> <span class='ocrx_word' id='word_1_437' title='bbox 2927 1427 3036 1478; x_wconf 88' lang='lat' dir='ltr'><strong>iam</strong></span> <span class='ocrx_word' id='word_1_438' title='bbox 3061 1432 3233 1478; x_wconf 84' lang='lat' dir='ltr'><strong>certos</strong></span> <span class='ocrx_word' id='word_1_439' title='bbox 3256 1427 3485 1492; x_wconf 88' lang='lat' dir='ltr'><strong>spondet</strong></span> <span class='ocrx_word' id='word_1_440' title='bbox 3508 1441 3734 1486; x_wconf 88' lang='lat' dir='ltr'><strong>amores,</strong></span> 
     </span>
     <span class='ocr_line' id='line_1_66' title="bbox 2371 1491 3871 1543; baseline -0.002 0"><span class='ocrx_word' id='word_1_441' title='bbox 2371 1498 2429 1543; x_wconf 88' lang='lat' dir='ltr'><strong>et</strong></span> <span class='ocrx_word' id='word_1_442' title='bbox 2453 1492 2562 1543; x_wconf 89' lang='lat' dir='ltr'><strong>iam</strong></span> <span class='ocrx_word' id='word_1_443' title='bbox 2586 1492 2655 1543; x_wconf 91' lang='lat' dir='ltr'><strong>ad</strong></span> <span class='ocrx_word' id='word_1_444' title='bbox 2681 1492 2995 1543; x_wconf 87' lang='lat' dir='ltr'><strong>mandatam</strong></span> <span class='ocrx_word' id='word_1_445' title='bbox 3020 1492 3271 1543; x_wconf 88' lang='lat' dir='ltr'><strong>uenimus</strong></span> <span class='ocrx_word' id='word_1_446' title='bbox 3293 1508 3414 1542; x_wconf 87' lang='lat' dir='ltr'><strong>ecce</strong></span> <span class='ocrx_word' id='word_1_447' title='bbox 3437 1491 3692 1542; x_wconf 66' lang='lat' dir='ltr'><strong>domum!</strong></span> <span class='ocrx_word' id='word_1_448' title='bbox 3807 1504 3871 1540; x_wconf 87' lang='lat'><strong>20</strong></span> 
     </span>
     <span class='ocr_line' id='line_1_67' title="bbox 2307 1556 3767 1622; baseline -0.002 -14"><span class='ocrx_word' id='word_1_449' title='bbox 2307 1562 2474 1622; x_wconf 88' lang='lat' dir='ltr'><strong>atque</strong></span> <span class='ocrx_word' id='word_1_450' title='bbox 2497 1557 2579 1608; x_wconf 88' lang='lat' dir='ltr'><strong>ita</strong></span> <span class='ocrx_word' id='word_1_451' title='bbox 2601 1574 2688 1608; x_wconf 90' lang='lat' dir='ltr'><strong>me</strong></span> <span class='ocrx_word' id='word_1_452' title='bbox 2710 1558 2767 1608; x_wconf 89' lang='lat' dir='ltr'><strong>in</strong></span> <span class='ocrx_word' id='word_1_453' title='bbox 2792 1563 2997 1608; x_wconf 82' lang='lat' dir='ltr'><strong>tectum</strong></span> <span class='ocrx_word' id='word_1_454' title='bbox 3019 1556 3294 1608; x_wconf 87' lang='lat' dir='ltr'><strong>duxerunt</strong></span> <span class='ocrx_word' id='word_1_455' title='bbox 3317 1573 3503 1606; x_wconf 86' lang='lat' dir='ltr'><strong>rursus</strong></span> <span class='ocrx_word' id='word_1_456' title='bbox 3525 1556 3732 1607; x_wconf 85' lang='lat' dir='ltr'><strong>amicae</strong></span> <span class='ocrx_word' id='word_1_457' title='bbox 3755 1576 3767 1605; x_wconf 89' lang='lat'>:</span> 
     </span>
     <span class='ocr_line' id='line_1_68' title="bbox 2376 1620 3500 1673; baseline -0.002 -1"><span class='ocrx_word' id='word_1_458' title='bbox 2376 1622 2428 1672; x_wconf 88' lang='lat' dir='ltr'><strong>‘i</strong></span> <span class='ocrx_word' id='word_1_459' title='bbox 2453 1638 2597 1672; x_wconf 91' lang='lat' dir='ltr'><strong>nunc</strong></span> <span class='ocrx_word' id='word_1_460' title='bbox 2620 1627 2678 1673; x_wconf 90' lang='lat' dir='ltr'><strong>et</strong></span> <span class='ocrx_word' id='word_1_461' title='bbox 2700 1626 2884 1672; x_wconf 89' lang='lat' dir='ltr'><strong>noctes</strong></span> <span class='ocrx_word' id='word_1_462' title='bbox 2906 1621 3052 1672; x_wconf 82' lang='lat' dir='ltr'><strong>disce</strong></span> <span class='ocrx_word' id='word_1_463' title='bbox 3075 1637 3293 1673; x_wconf 89' lang='lat' dir='ltr'><strong>manere</strong></span> <span class='ocrx_word' id='word_1_464' title='bbox 3315 1620 3500 1671; x_wconf 88' lang='lat' dir='ltr'><strong>domi.’</strong></span> 
     </span>
     <span class='ocr_line' id='line_1_69' title="bbox 2307 1684 3570 1751; baseline -0.001 -15"><span class='ocrx_word' id='word_1_465' title='bbox 2307 1702 2468 1738; x_wconf 88' lang='lat' dir='ltr'><strong>mane</strong></span> <span class='ocrx_word' id='word_1_466' title='bbox 2492 1691 2624 1749; x_wconf 86' lang='lat' dir='ltr'><strong>erat,</strong></span> <span class='ocrx_word' id='word_1_467' title='bbox 2652 1692 2709 1738; x_wconf 85' lang='lat' dir='ltr'><strong>et</strong></span> <span class='ocrx_word' id='word_1_468' title='bbox 2732 1686 2899 1748; x_wconf 86' lang='lat' dir='ltr'><strong>uolui,</strong></span> <span class='ocrx_word' id='word_1_469' title='bbox 2927 1686 2973 1736; x_wconf 88' lang='lat' dir='ltr'><strong>si</strong></span> <span class='ocrx_word' id='word_1_470' title='bbox 2997 1686 3112 1737; x_wconf 89' lang='lat' dir='ltr'><strong>sola</strong></span> <span class='ocrx_word' id='word_1_471' title='bbox 3134 1686 3433 1751; x_wconf 82' lang='lat' dir='ltr'><strong>quiesceret</strong></span> <span class='ocrx_word' id='word_1_472' title='bbox 3456 1684 3570 1747; x_wconf 88' lang='lat' dir='ltr'><strong>illa,</strong></span> 
     </span>
     <span class='ocr_line' id='line_1_70' title="bbox 2372 1750 3470 1826; baseline 0.001 -26"><span class='ocrx_word' id='word_1_473' title='bbox 2372 1751 2551 1803; x_wconf 87' lang='lat' dir='ltr'><strong>uisere</strong></span> <span class='ocrx_word' id='word_1_474' title='bbox 2573 1771 2587 1811; x_wconf 74' lang='grc' dir='ltr'>ς</span> <span class='ocrx_word' id='word_1_475' title='bbox 2622 1758 2679 1803; x_wconf 91' lang='lat' dir='ltr'><strong>et</strong></span> <span class='ocrx_word' id='word_1_476' title='bbox 2702 1751 2758 1801; x_wconf 91' lang='lat' dir='ltr'><strong>in</strong></span> <span class='ocrx_word' id='word_1_477' title='bbox 2783 1751 2924 1802; x_wconf 86' lang='lat' dir='ltr'><strong>lecto</strong></span> <span class='ocrx_word' id='word_1_478' title='bbox 2948 1750 3189 1826; x_wconf 63' lang='lat' dir='ltr'><strong>Cynthia</strong></span> <span class='ocrx_word' id='word_1_479' title='bbox 3210 1750 3327 1801; x_wconf 88' lang='lat' dir='ltr'><strong>sola</strong></span> <span class='ocrx_word' id='word_1_480' title='bbox 3349 1750 3470 1801; x_wconf 81' lang='lat' dir='ltr'><strong>fuit.</strong></span> 
     </span>
     <span class='ocr_line' id='line_1_71' title="bbox 2307 1815 3866 1882; baseline -0.002 -16"><span class='ocrx_word' id='word_1_481' title='bbox 2307 1815 2565 1882; x_wconf 84' lang='lat' dir='ltr'><strong>obstupui</strong></span> <span class='ocrx_word' id='word_1_482' title='bbox 2588 1838 2600 1867; x_wconf 91' lang='lat'><strong>:</strong></span> <span class='ocrx_word' id='word_1_483' title='bbox 2637 1833 2744 1867; x_wconf 93' lang='lat' dir='ltr'><strong>non</strong></span> <span class='ocrx_word' id='word_1_484' title='bbox 2763 1815 2861 1867; x_wconf 87' lang='lat' dir='ltr'><strong>illa</strong></span> <span class='ocrx_word' id='word_1_485' title='bbox 2881 1815 3017 1866; x_wconf 85' lang='lat' dir='ltr'><strong>mih1</strong></span> <span class='ocrx_word' id='word_1_486' title='bbox 3040 1815 3322 1866; x_wconf 84' lang='lat' dir='ltr'><strong>formosior</strong></span> <span class='ocrx_word' id='word_1_487' title='bbox 3345 1831 3608 1880; x_wconf 88' lang='lat' dir='ltr'><strong>umquam</strong></span> <span class='ocrx_word' id='word_1_488' title='bbox 3805 1827 3866 1879; x_wconf 82' lang='lat'><strong>25</strong></span> 
     </span>
     <span class='ocr_line' id='line_1_72' title="bbox 2372 1879 3533 1946; baseline 0 -16"><span class='ocrx_word' id='word_1_489' title='bbox 2372 1881 2512 1940; x_wconf 86' lang='lat' dir='ltr'><strong>uisa,</strong></span> <span class='ocrx_word' id='word_1_490' title='bbox 2541 1896 2715 1946; x_wconf 89' lang='lat' dir='ltr'><strong>neque</strong></span> <span class='ocrx_word' id='word_1_491' title='bbox 2739 1880 2946 1931; x_wconf 89' lang='lat' dir='ltr'><strong>ostrina</strong></span> <span class='ocrx_word' id='word_1_492' title='bbox 2967 1896 3090 1931; x_wconf 88' lang='lat' dir='ltr'><strong>cum</strong></span> <span class='ocrx_word' id='word_1_493' title='bbox 3114 1879 3224 1932; x_wconf 83' lang='lat' dir='ltr'><strong>fuit</strong></span> <span class='ocrx_word' id='word_1_494' title='bbox 3246 1880 3302 1929; x_wconf 92' lang='lat' dir='ltr'><strong>in</strong></span> <span class='ocrx_word' id='word_1_495' title='bbox 3327 1879 3533 1940; x_wconf 89' lang='lat' dir='ltr'><strong>tunica,</strong></span> 
     </span>
     <span class='ocr_line' id='line_1_73' title="bbox 2307 1944 3550 2005; baseline -0.001 -10"><span class='ocrx_word' id='word_1_496' title='bbox 2307 1944 2426 1996; x_wconf 93' lang='lat' dir='ltr'><strong>ibat</strong></span> <span class='ocrx_word' id='word_1_497' title='bbox 2450 1950 2507 1996; x_wconf 89' lang='lat' dir='ltr'><strong>et</strong></span> <span class='ocrx_word' id='word_1_498' title='bbox 2529 1946 2769 1997; x_wconf 85' lang='lat' dir='ltr'><strong>intactae</strong></span> <span class='ocrx_word' id='word_1_499' title='bbox 2792 1951 3074 1996; x_wconf 84' lang='lat' dir='ltr'><strong>narratum</strong></span> <span class='ocrx_word' id='word_1_500' title='bbox 3095 1944 3307 1995; x_wconf 87' lang='lat' dir='ltr'><strong>somnia</strong></span> <span class='ocrx_word' id='word_1_501' title='bbox 3328 1944 3550 2005; x_wconf 83' lang='lat' dir='ltr'><strong>Vestae,</strong></span> 
     </span>
     <span class='ocr_line' id='line_1_74' title="bbox 2373 2008 3595 2061; baseline -0.001 -1"><span class='ocrx_word' id='word_1_502' title='bbox 2373 2026 2480 2060; x_wconf 92' lang='lat' dir='ltr'><strong>neu</strong></span> <span class='ocrx_word' id='word_1_503' title='bbox 2502 2010 2609 2060; x_wconf 88' lang='lat' dir='ltr'><strong>sibi</strong></span> <span class='ocrx_word' id='word_1_504' title='bbox 2631 2026 2770 2061; x_wconf 92' lang='lat' dir='ltr'><strong>neue</strong></span> <span class='ocrx_word' id='word_1_505' title='bbox 2793 2010 2928 2060; x_wconf 89' lang='lat' dir='ltr'><strong>mihi</strong></span> <span class='ocrx_word' id='word_1_506' title='bbox 2987 2025 3091 2060; x_wconf 89' lang='lat' dir='ltr'><strong>uae</strong></span> <span class='ocrx_word' id='word_1_507' title='bbox 3114 2009 3362 2060; x_wconf 85' lang='lat' dir='ltr'><strong>nocitura</strong></span> <span class='ocrx_word' id='word_1_508' title='bbox 3382 2008 3561 2059; x_wconf 86' lang='lat' dir='ltr'><strong>forent</strong></span> <span class='ocrx_word' id='word_1_509' title='bbox 3583 2028 3595 2059; x_wconf 72' lang='grc' dir='ltr'><strong>ε</strong></span> 
     </span>
     <span class='ocr_line' id='line_1_75' title="bbox 2307 2073 3430 2125; baseline -0.001 0"><span class='ocrx_word' id='word_1_510' title='bbox 2307 2073 2438 2125; x_wconf 89' lang='lat' dir='ltr'><strong>talis</strong></span> <span class='ocrx_word' id='word_1_511' title='bbox 2460 2074 2582 2125; x_wconf 90' lang='lat' dir='ltr'><strong>uisa</strong></span> <span class='ocrx_word' id='word_1_512' title='bbox 2603 2075 2739 2125; x_wconf 92' lang='lat' dir='ltr'><strong>mihi</strong></span> <span class='ocrx_word' id='word_1_513' title='bbox 2761 2090 2950 2125; x_wconf 83' lang='lat' dir='ltr'><strong>somno</strong></span> <span class='ocrx_word' id='word_1_514' title='bbox 3004 2074 3191 2125; x_wconf 85' lang='lat' dir='ltr'><strong>imissa</strong></span> <span class='ocrx_word' id='word_1_515' title='bbox 3213 2074 3430 2124; x_wconf 88' lang='lat' dir='ltr'><strong>recenti.</strong></span> 
     </span>
     <span class='ocr_line' id='line_1_76' title="bbox 2372 2136 3869 2214; baseline -0.002 -24"><span class='ocrx_word' id='word_1_516' title='bbox 2372 2155 2439 2190; x_wconf 89' lang='lat' dir='ltr'><strong>en</strong></span> <span class='ocrx_word' id='word_1_517' title='bbox 2465 2147 2732 2205; x_wconf 84' lang='lat' dir='ltr'><strong>quantum</strong></span> <span class='ocrx_word' id='word_1_518' title='bbox 2757 2155 2851 2214; x_wconf 82' lang='lat' dir='ltr'><strong>per</strong></span> <span class='ocrx_word' id='word_1_519' title='bbox 2871 2155 2929 2190; x_wconf 84' lang='lat' dir='ltr'><strong>se</strong></span> <span class='ocrx_word' id='word_1_520' title='bbox 2952 2138 3185 2189; x_wconf 88' lang='lat' dir='ltr'><strong>candida</strong></span> <span class='ocrx_word' id='word_1_521' title='bbox 3205 2138 3380 2189; x_wconf 77' lang='lat' dir='ltr'><strong>forma</strong></span> <span class='ocrx_word' id='word_1_522' title='bbox 3402 2136 3554 2188; x_wconf 82' lang='lat' dir='ltr'><strong>ualet</strong></span> <span class='ocrx_word' id='word_1_523' title='bbox 3579 2144 3590 2188; x_wconf 74' lang='grc' dir='ltr'><strong>Ξ</strong></span> <span class='ocrx_word' id='word_1_524' title='bbox 3806 2151 3869 2201; x_wconf 91' lang='lat'><strong>30</strong></span> 
     </span>
     <span class='ocr_line' id='line_1_77' title="bbox 2313 2202 3659 2269; baseline 0.001 -16"><span class='ocrx_word' id='word_1_525' title='bbox 2313 2208 2326 2231; x_wconf 90' lang='lat'>‘</span> <span class='ocrx_word' id='word_1_526' title='bbox 2346 2203 2478 2269; x_wconf 90' lang='lat' dir='ltr'><strong>quid</strong></span> <span class='ocrx_word' id='word_1_527' title='bbox 2503 2209 2564 2255; x_wconf 91' lang='lat' dir='ltr'><strong>tu</strong></span> <span class='ocrx_word' id='word_1_528' title='bbox 2590 2208 2896 2255; x_wconf 81' lang='lat' dir='ltr'><strong>matutinus</strong></span> <span class='ocrx_word' id='word_1_529' title='bbox 2917 2204 2928 2225; x_wconf 94' lang='lat'><strong>’</strong></span> <span class='ocrx_word' id='word_1_530' title='bbox 2949 2203 3031 2255; x_wconf 83' lang='lat' dir='ltr'><strong>ait</strong></span> <span class='ocrx_word' id='word_1_531' title='bbox 3058 2208 3071 2229; x_wconf 88' lang='lat'><strong>‘</strong></span> <span class='ocrx_word' id='word_1_532' title='bbox 3087 2202 3394 2269; x_wconf 81' lang='lat' dir='ltr'><strong>speculator</strong></span> <span class='ocrx_word' id='word_1_533' title='bbox 3416 2203 3659 2254; x_wconf 76' lang='lat' dir='ltr'><strong>amicae?</strong></span> 
     </span>
     <span class='ocr_line' id='line_1_78' title="bbox 2373 2268 3563 2333; baseline -0.002 -14"><span class='ocrx_word' id='word_1_534' title='bbox 2373 2284 2460 2319; x_wconf 93' lang='lat' dir='ltr'><strong>me</strong></span> <span class='ocrx_word' id='word_1_535' title='bbox 2482 2268 2714 2319; x_wconf 86' lang='lat' dir='ltr'><strong>similem</strong></span> <span class='ocrx_word' id='word_1_536' title='bbox 2740 2268 2935 2319; x_wconf 86' lang='lat' dir='ltr'><strong>uestris</strong></span> <span class='ocrx_word' id='word_1_537' title='bbox 2959 2268 3196 2319; x_wconf 88' lang='lat' dir='ltr'><strong>moribus</strong></span> <span class='ocrx_word' id='word_1_538' title='bbox 3219 2284 3335 2319; x_wconf 87' lang='lat' dir='ltr'><strong>esse</strong></span> <span class='ocrx_word' id='word_1_539' title='bbox 3359 2273 3522 2333; x_wconf 89' lang='lat' dir='ltr'><strong>putas</strong></span> <span class='ocrx_word' id='word_1_540' title='bbox 3542 2272 3563 2317; x_wconf 74' lang='lat'><strong>⁴2</strong></span> 
     </span>
     <span class='ocr_line' id='line_1_79' title="bbox 2309 2332 3772 2399; baseline 0 -17"><span class='ocrx_word' id='word_1_541' title='bbox 2309 2349 2415 2383; x_wconf 90' lang='lat' dir='ltr'><strong>non</strong></span> <span class='ocrx_word' id='word_1_542' title='bbox 2440 2349 2539 2399; x_wconf 86' lang='lat' dir='ltr'><strong>ego</strong></span> <span class='ocrx_word' id='word_1_543' title='bbox 2565 2339 2679 2384; x_wconf 88' lang='lat' dir='ltr'><strong>tam</strong></span> <span class='ocrx_word' id='word_1_544' title='bbox 2701 2333 2908 2384; x_wconf 84' lang='lat' dir='ltr'><strong>facilis:</strong></span> <span class='ocrx_word' id='word_1_545' title='bbox 2946 2339 3035 2383; x_wconf 91' lang='lat' dir='ltr'><strong>sat</strong></span> <span class='ocrx_word' id='word_1_546' title='bbox 3058 2333 3161 2383; x_wconf 85' lang='lat' dir='ltr'><strong>erit</strong></span> <span class='ocrx_word' id='word_1_547' title='bbox 3184 2332 3318 2382; x_wconf 83' lang='lat' dir='ltr'><strong>mihi</strong></span> <span class='ocrx_word' id='word_1_548' title='bbox 3341 2332 3591 2398; x_wconf 85' lang='lat' dir='ltr'><strong>cognitus</strong></span> <span class='ocrx_word' id='word_1_549' title='bbox 3612 2347 3772 2392; x_wconf 71' lang='lat' dir='ltr'><strong>unua,</strong></span> 
     </span>
     <span class='ocr_line' id='line_1_80' title="bbox 2373 2397 3415 2462; baseline -0.001 -14"><span class='ocrx_word' id='word_1_550' title='bbox 2373 2397 2463 2449; x_wconf 87' lang='lat' dir='ltr'><strong>uel</strong></span> <span class='ocrx_word' id='word_1_551' title='bbox 2490 2406 2551 2449; x_wconf 87' lang='grc' dir='ltr'><strong>ιιι</strong></span> <span class='ocrx_word' id='word_1_552' title='bbox 2575 2398 2663 2449; x_wconf 91' lang='lat' dir='ltr'><strong>uel</strong></span> <span class='ocrx_word' id='word_1_553' title='bbox 2687 2398 2732 2448; x_wconf 83' lang='lat' dir='ltr'><strong>si</strong></span> <span class='ocrx_word' id='word_1_554' title='bbox 2773 2398 2858 2448; x_wconf 88' lang='lat' dir='ltr'><strong>uis</strong></span> <span class='ocrx_word' id='word_1_555' title='bbox 2881 2398 3057 2449; x_wconf 89' lang='lat' dir='ltr'><strong>uerior</strong></span> <span class='ocrx_word' id='word_1_556' title='bbox 3080 2413 3196 2447; x_wconf 86' lang='lat' dir='ltr'><strong>esse</strong></span> <span class='ocrx_word' id='word_1_557' title='bbox 3220 2402 3415 2462; x_wconf 82' lang='lat' dir='ltr'><strong>potest.</strong></span> 
     </span>
     <span class='ocr_line' id='line_1_81' title="bbox 2308 2461 3867 2528; baseline -0.002 -15"><span class='ocrx_word' id='word_1_558' title='bbox 2308 2467 2575 2528; x_wconf 88' lang='lat' dir='ltr'><strong>apparent</strong></span> <span class='ocrx_word' id='word_1_559' title='bbox 2597 2480 2704 2513; x_wconf 93' lang='lat' dir='ltr'><strong>non</strong></span> <span class='ocrx_word' id='word_1_560' title='bbox 2725 2479 2758 2513; x_wconf 94' lang='lat' dir='ltr'><strong>u</strong></span> <span class='ocrx_word' id='word_1_561' title='bbox 2784 2462 2839 2513; x_wconf 85' lang='lat' dir='ltr'><strong>la</strong></span> <span class='ocrx_word' id='word_1_562' title='bbox 2863 2467 2981 2513; x_wconf 90' lang='lat' dir='ltr'><strong>toro</strong></span> <span class='ocrx_word' id='word_1_563' title='bbox 3003 2461 3239 2527; x_wconf 86' lang='lat' dir='ltr'><strong>uestigia</strong></span> <span class='ocrx_word' id='word_1_564' title='bbox 3298 2477 3460 2522; x_wconf 86' lang='lat' dir='ltr'><strong>resso,</strong></span> <span class='ocrx_word' id='word_1_565' title='bbox 3805 2472 3867 2526; x_wconf 88' lang='lat'><strong>35</strong></span> 
     </span>
     <span class='ocr_line' id='line_1_82' title="bbox 2374 2526 3407 2592; baseline -0.001 -15"><span class='ocrx_word' id='word_1_566' title='bbox 2374 2527 2534 2592; x_wconf 81' lang='lat' dir='ltr'><strong>signa</strong></span> <span class='ocrx_word' id='word_1_567' title='bbox 2556 2527 2859 2578; x_wconf 86' lang='lat' dir='ltr'><strong>uolutantis</strong></span> <span class='ocrx_word' id='word_1_568' title='bbox 2883 2544 2980 2578; x_wconf 93' lang='lat' dir='ltr'><strong>nec</strong></span> <span class='ocrx_word' id='word_1_569' title='bbox 3003 2526 3235 2577; x_wconf 80' lang='lat' dir='ltr'><strong>iacuisse</strong></span> <span class='ocrx_word' id='word_1_570' title='bbox 3295 2542 3407 2577; x_wconf 88' lang='lat' dir='ltr'><strong>uos.</strong></span> 
     </span>
     <span class='ocr_line' id='line_1_83' title="bbox 2307 2591 3627 2657; baseline 0 -16"><span class='ocrx_word' id='word_1_571' title='bbox 2307 2592 2504 2657; x_wconf 84' lang='lat' dir='ltr'><strong>aspice,</strong></span> <span class='ocrx_word' id='word_1_572' title='bbox 2531 2592 2667 2642; x_wconf 90' lang='lat' dir='ltr'><strong>utin</strong></span> <span class='ocrx_word' id='word_1_573' title='bbox 2694 2596 2810 2643; x_wconf 83' lang='lat' dir='ltr'><strong>toto</strong></span> <span class='ocrx_word' id='word_1_574' title='bbox 2832 2592 3017 2642; x_wconf 90' lang='lat' dir='ltr'><strong>nullus</strong></span> <span class='ocrx_word' id='word_1_575' title='bbox 3041 2591 3174 2641; x_wconf 87' lang='lat' dir='ltr'><strong>mihi</strong></span> <span class='ocrx_word' id='word_1_576' title='bbox 3197 2606 3413 2656; x_wconf 87' lang='lat' dir='ltr'><strong>corpore</strong></span> <span class='ocrx_word' id='word_1_577' title='bbox 3436 2594 3627 2656; x_wconf 88' lang='lat' dir='ltr'><strong>surgat</strong></span> 
     </span>
     <span class='ocr_line' id='line_1_84' title="bbox 2372 2655 3391 2732; baseline -0.003 -26"><span class='ocrx_word' id='word_1_578' title='bbox 2372 2657 2596 2732; x_wconf 84' lang='lat' dir='ltr'><strong>spiritus</strong></span> <span class='ocrx_word' id='word_1_579' title='bbox 2619 2657 2857 2709; x_wconf 79' lang='lat' dir='ltr'><strong>admisso</strong></span> <span class='ocrx_word' id='word_1_580' title='bbox 2879 2660 3062 2707; x_wconf 87' lang='lat' dir='ltr'><strong>motus</strong></span> <span class='ocrx_word' id='word_1_581' title='bbox 3085 2655 3391 2706; x_wconf 64' lang='lat' dir='ltr'><strong>adulterio!</strong></span> 
     </span>
     <span class='ocr_line' id='line_1_85' title="bbox 2306 2719 3544 2797; baseline -0.001 -26"><span class='ocrx_word' id='word_1_582' title='bbox 2306 2720 2465 2782; x_wconf 83' lang='lat' dir='ltr'><strong>dix1t,</strong></span> <span class='ocrx_word' id='word_1_583' title='bbox 2494 2727 2549 2773; x_wconf 89' lang='lat' dir='ltr'><strong>et</strong></span> <span class='ocrx_word' id='word_1_584' title='bbox 2573 2722 2822 2797; x_wconf 86' lang='lat' dir='ltr'><strong>opposita</strong></span> <span class='ocrx_word' id='word_1_585' title='bbox 2844 2720 3145 2787; x_wconf 88' lang='lat' dir='ltr'><strong>propellens</strong></span> <span class='ocrx_word' id='word_1_586' title='bbox 3169 2720 3325 2770; x_wconf 87' lang='lat' dir='ltr'><strong>sauia</strong></span> <span class='ocrx_word' id='word_1_587' title='bbox 3347 2719 3544 2770; x_wconf 85' lang='lat' dir='ltr'><strong>dextra</strong></span> 
     </span>
     <span class='ocr_line' id='line_1_86' title="bbox 2372 2783 3870 2851; baseline -0.003 -15"><span class='ocrx_word' id='word_1_588' title='bbox 2372 2785 2585 2851; x_wconf 87' lang='lat' dir='ltr'><strong>prosilit</strong></span> <span class='ocrx_word' id='word_1_589' title='bbox 2606 2802 2662 2836; x_wconf 90' lang='lat' dir='ltr'><strong>1n</strong></span> <span class='ocrx_word' id='word_1_590' title='bbox 2688 2786 2816 2836; x_wconf 84' lang='lat' dir='ltr'><strong>laxa</strong></span> <span class='ocrx_word' id='word_1_591' title='bbox 2838 2786 2972 2836; x_wconf 82' lang='lat' dir='ltr'><strong>nixa</strong></span> <span class='ocrx_word' id='word_1_592' title='bbox 2994 2785 3183 2850; x_wconf 88' lang='lat' dir='ltr'><strong>pedem</strong></span> <span class='ocrx_word' id='word_1_593' title='bbox 3207 2783 3367 2835; x_wconf 89' lang='lat' dir='ltr'><strong>solea.</strong></span> <span class='ocrx_word' id='word_1_594' title='bbox 3803 2797 3870 2845; x_wconf 88' lang='lat'><strong>40</strong></span> 
     </span>
     <span class='ocr_line' id='line_1_87' title="bbox 2305 2848 3550 2915; baseline -0.002 -14"><span class='ocrx_word' id='word_1_595' title='bbox 2305 2850 2382 2901; x_wconf 84' lang='lat' dir='ltr'><strong>sic</strong></span> <span class='ocrx_word' id='word_1_596' title='bbox 2406 2867 2506 2915; x_wconf 81' lang='lat' dir='ltr'><strong>ego</strong></span> <span class='ocrx_word' id='word_1_597' title='bbox 2529 2857 2642 2901; x_wconf 87' lang='lat' dir='ltr'><strong>tam</strong></span> <span class='ocrx_word' id='word_1_598' title='bbox 2667 2850 2842 2901; x_wconf 87' lang='lat' dir='ltr'><strong>sancti</strong></span> <span class='ocrx_word' id='word_1_599' title='bbox 2866 2856 3048 2900; x_wconf 87' lang='lat' dir='ltr'><strong>custos</strong></span> <span class='ocrx_word' id='word_1_600' title='bbox 3073 2849 3298 2900; x_wconf 88' lang='lat' dir='ltr'><strong>deludor</strong></span> <span class='ocrx_word' id='word_1_601' title='bbox 3319 2848 3550 2899; x_wconf 86' lang='lat' dir='ltr'><strong>amoris:</strong></span> 
     </span>
     <span class='ocr_line' id='line_1_88' title="bbox 2372 2913 3328 2967; baseline -0.002 -1"><span class='ocrx_word' id='word_1_602' title='bbox 2372 2932 2440 2966; x_wconf 81' lang='lat' dir='ltr'><strong>ex</strong></span> <span class='ocrx_word' id='word_1_603' title='bbox 2464 2915 2560 2967; x_wconf 89' lang='lat' dir='ltr'><strong>illo</strong></span> <span class='ocrx_word' id='word_1_604' title='bbox 2582 2915 2716 2966; x_wconf 77' lang='lat' dir='ltr'><strong>felix</strong></span> <span class='ocrx_word' id='word_1_605' title='bbox 2740 2931 2850 2966; x_wconf 83' lang='lat' dir='ltr'><strong>nox</strong></span> <span class='ocrx_word' id='word_1_606' title='bbox 2873 2915 3008 2965; x_wconf 90' lang='lat' dir='ltr'><strong>mihi</strong></span> <span class='ocrx_word' id='word_1_607' title='bbox 3031 2914 3185 2965; x_wconf 89' lang='lat' dir='ltr'><strong>nulla</strong></span> <span class='ocrx_word' id='word_1_608' title='bbox 3207 2913 3328 2964; x_wconf 77' lang='lat' dir='ltr'><strong>fuit.</strong></span> 
     </span>
    </p>
   </div>
   <div class='ocr_carea' id='block_1_14' title="bbox 2772 3162 3392 3226">
    <p class='ocr_par' dir='ltr' id='par_1_16' title="bbox 2772 3162 3392 3226">
     <span class='ocr_line' id='line_1_89' title="bbox 2772 3162 3392 3226; baseline -0.005 -11"><span class='ocrx_word' id='word_1_609' title='bbox 2772 3163 2937 3215; x_wconf 84' lang='lat' dir='ltr'><strong>xxx</strong></span> <span class='ocrx_word' id='word_1_610' title='bbox 2971 3164 3083 3226; x_wconf 92' lang='lat'>[111</span> <span class='ocrx_word' id='word_1_611' title='bbox 3116 3162 3392 3226; x_wconf 83' lang='lat' dir='ltr'><strong>xxvm]</strong></span> 
     </span>
    </p>
   </div>
   <div class='ocr_carea' id='block_1_15' title="bbox 2303 3288 3864 4068">
    <p class='ocr_par' dir='ltr' id='par_1_17' title="bbox 2303 3288 3864 4068">
     <span class='ocr_line' id='line_1_90' title="bbox 2308 3288 3837 3356; baseline 0.001 -16"><span class='ocrx_word' id='word_1_612' title='bbox 2308 3290 2428 3353; x_wconf 84' lang='lat' dir='ltr'><strong>Quo</strong></span> <span class='ocrx_word' id='word_1_613' title='bbox 2451 3290 2596 3356; x_wconf 80' lang='lat' dir='ltr'><strong>fugis</strong></span> <span class='ocrx_word' id='word_1_614' title='bbox 2618 3307 2653 3342; x_wconf 89' lang='lat' dir='ltr'><strong>a</strong></span> <span class='ocrx_word' id='word_1_615' title='bbox 2674 3289 2935 3342; x_wconf 70' lang='lat' dir='ltr'><strong>demens!</strong></span> <span class='ocrx_word' id='word_1_616' title='bbox 2967 3289 3123 3342; x_wconf 85' lang='lat' dir='ltr'><strong>nulla</strong></span> <span class='ocrx_word' id='word_1_617' title='bbox 3145 3295 3229 3342; x_wconf 85' lang='lat' dir='ltr'><strong>est</strong></span> <span class='ocrx_word' id='word_1_618' title='bbox 3249 3289 3383 3355; x_wconf 78' lang='lat' dir='ltr'><strong>fuga</strong></span> <span class='ocrx_word' id='word_1_619' title='bbox 3406 3293 3490 3351; x_wconf 87' lang='lat' dir='ltr'><strong>(tu</strong></span> <span class='ocrx_word' id='word_1_620' title='bbox 3512 3288 3641 3340; x_wconf 85' lang='lat' dir='ltr'><strong>licet</strong></span> <span class='ocrx_word' id='word_1_621' title='bbox 3664 3305 3837 3356; x_wconf 88' lang='lat' dir='ltr'><strong>usque</strong></span> 
     </span>
     <span class='ocr_line' id='line_1_91' title="bbox 2370 3355 3609 3431; baseline -0.002 -25"><span class='ocrx_word' id='word_1_622' title='bbox 2370 3355 2441 3406; x_wconf 90' lang='lat' dir='ltr'><strong>ad</strong></span> <span class='ocrx_word' id='word_1_623' title='bbox 2468 3356 2680 3406; x_wconf 84' lang='lat' dir='ltr'><strong>Tanain</strong></span> <span class='ocrx_word' id='word_1_624' title='bbox 2703 3356 2900 3420; x_wconf 80' lang='lat' dir='ltr'><strong>fugias,</strong></span> <span class='ocrx_word' id='word_1_625' title='bbox 2925 3372 3099 3431; x_wconf 80' lang='lat' dir='ltr'><strong>usque</strong></span> <span class='ocrx_word' id='word_1_626' title='bbox 3121 3359 3381 3421; x_wconf 87' lang='lat' dir='ltr'><strong>sequetur</strong></span> <span class='ocrx_word' id='word_1_627' title='bbox 3402 3355 3609 3416; x_wconf 87' lang='lat' dir='ltr'><strong>Amor),</strong></span> 
     </span>
     <span class='ocr_line' id='line_1_92' title="bbox 2306 3419 3422 3496; baseline -0.001 -26"><span class='ocrx_word' id='word_1_628' title='bbox 2306 3437 2412 3470; x_wconf 92' lang='lat' dir='ltr'><strong>non</strong></span> <span class='ocrx_word' id='word_1_629' title='bbox 2437 3420 2484 3471; x_wconf 89' lang='lat' dir='ltr'><strong>si</strong></span> <span class='ocrx_word' id='word_1_630' title='bbox 2505 3421 2743 3496; x_wconf 76' lang='lat' dir='ltr'><strong>Pegaseo</strong></span> <span class='ocrx_word' id='word_1_631' title='bbox 2767 3421 2998 3472; x_wconf 83' lang='lat' dir='ltr'><strong>necteris</strong></span> <span class='ocrx_word' id='word_1_632' title='bbox 3021 3437 3076 3471; x_wconf 89' lang='grc' dir='ltr'><strong>ιιι</strong></span> <span class='ocrx_word' id='word_1_633' title='bbox 3101 3436 3224 3470; x_wconf 88' lang='lat' dir='ltr'><strong>aere</strong></span> <span class='ocrx_word' id='word_1_634' title='bbox 3247 3419 3422 3479; x_wconf 87' lang='lat' dir='ltr'><strong>dors0,</strong></span> 
     </span>
     <span class='ocr_line' id='line_1_93' title="bbox 2371 3484 3444 3549; baseline -0.001 -14"><span class='ocrx_word' id='word_1_635' title='bbox 2371 3502 2469 3536; x_wconf 90' lang='lat' dir='ltr'><strong>nec</strong></span> <span class='ocrx_word' id='word_1_636' title='bbox 2493 3485 2595 3535; x_wconf 81' lang='lat' dir='ltr'><strong>tibi</strong></span> <span class='ocrx_word' id='word_1_637' title='bbox 2619 3486 2665 3535; x_wconf 86' lang='lat' dir='ltr'><strong>si</strong></span> <span class='ocrx_word' id='word_1_638' title='bbox 2692 3486 2873 3537; x_wconf 81' lang='lat' dir='ltr'><strong>Persei</strong></span> <span class='ocrx_word' id='word_1_639' title='bbox 2897 3485 3131 3535; x_wconf 90' lang='lat' dir='ltr'><strong>mouerit</strong></span> <span class='ocrx_word' id='word_1_640' title='bbox 3154 3484 3243 3535; x_wconf 88' lang='lat' dir='ltr'><strong>ala</strong></span> <span class='ocrx_word' id='word_1_641' title='bbox 3268 3484 3444 3549; x_wconf 84' lang='lat' dir='ltr'><strong>pedes.</strong></span> 
     </span>
     <span class='ocr_line' id='line_1_94' title="bbox 2305 3549 3863 3625; baseline -0.001 -25"><span class='ocrx_word' id='word_1_642' title='bbox 2305 3549 2393 3600; x_wconf 86' lang='lat' dir='ltr'><strong>nel</strong></span> <span class='ocrx_word' id='word_1_643' title='bbox 2418 3550 2465 3599; x_wconf 87' lang='lat' dir='ltr'><strong>si</strong></span> <span class='ocrx_word' id='word_1_644' title='bbox 2489 3554 2544 3600; x_wconf 93' lang='lat' dir='ltr'><strong>te</strong></span> <span class='ocrx_word' id='word_1_645' title='bbox 2568 3555 2748 3600; x_wconf 87' lang='lat' dir='ltr'><strong>sectae</strong></span> <span class='ocrx_word' id='word_1_646' title='bbox 2771 3550 2986 3625; x_wconf 86' lang='lat' dir='ltr'><strong>rapiant</strong></span> <span class='ocrx_word' id='word_1_647' title='bbox 3009 3549 3276 3600; x_wconf 81' lang='lat' dir='ltr'><strong>talaribus</strong></span> <span class='ocrx_word' id='word_1_648' title='bbox 3300 3564 3481 3609; x_wconf 88' lang='lat' dir='ltr'><strong>aurae,</strong></span> <span class='ocrx_word' id='word_1_649' title='bbox 3837 3561 3863 3613; x_wconf 88' lang='grc'><strong><em>5</em></strong></span> 
     </span>
     <span class='ocr_line' id='line_1_95' title="bbox 2370 3613 3381 3679; baseline -0.002 -14"><span class='ocrx_word' id='word_1_650' title='bbox 2370 3614 2449 3665; x_wconf 92' lang='lat' dir='ltr'><strong>nil</strong></span> <span class='ocrx_word' id='word_1_651' title='bbox 2475 3614 2573 3664; x_wconf 87' lang='lat' dir='ltr'><strong>tibi</strong></span> <span class='ocrx_word' id='word_1_652' title='bbox 2599 3614 2855 3665; x_wconf 77' lang='lat' dir='ltr'><strong>Mercurii</strong></span> <span class='ocrx_word' id='word_1_653' title='bbox 2879 3614 3114 3679; x_wconf 88' lang='lat' dir='ltr'><strong>proderit</strong></span> <span class='ocrx_word' id='word_1_654' title='bbox 3137 3613 3252 3664; x_wconf 86' lang='lat' dir='ltr'><strong>alta</strong></span> <span class='ocrx_word' id='word_1_655' title='bbox 3275 3613 3381 3663; x_wconf 88' lang='lat' dir='ltr'><strong>uia.</strong></span> 
     </span>
     <span class='ocr_line' id='line_1_96' title="bbox 2304 3677 3765 3753; baseline -0.001 -24"><span class='ocrx_word' id='word_1_656' title='bbox 2304 3678 2478 3729; x_wconf 86' lang='lat' dir='ltr'><strong>instat</strong></span> <span class='ocrx_word' id='word_1_657' title='bbox 2500 3695 2711 3744; x_wconf 86' lang='lat' dir='ltr'><strong>semper</strong></span> <span class='ocrx_word' id='word_1_658' title='bbox 2735 3679 2903 3729; x_wconf 88' lang='lat' dir='ltr'><strong>Amor</strong></span> <span class='ocrx_word' id='word_1_659' title='bbox 2925 3694 3090 3753; x_wconf 85' lang='lat' dir='ltr'><strong>supra</strong></span> <span class='ocrx_word' id='word_1_660' title='bbox 3112 3682 3293 3743; x_wconf 88' lang='lat' dir='ltr'><strong>caput,</strong></span> <span class='ocrx_word' id='word_1_661' title='bbox 3321 3677 3493 3727; x_wconf 86' lang='lat' dir='ltr'><strong>instat</strong></span> <span class='ocrx_word' id='word_1_662' title='bbox 3517 3677 3728 3728; x_wconf 87' lang='lat' dir='ltr'><strong>amanti</strong></span> <span class='ocrx_word' id='word_1_663' title='bbox 3752 3696 3765 3738; x_wconf 88' lang='lat'><strong>;</strong></span> 
     </span>
     <span class='ocr_line' id='line_1_97' title="bbox 2369 3741 3489 3809; baseline -0.003 -15"><span class='ocrx_word' id='word_1_664' title='bbox 2369 3749 2425 3794; x_wconf 90' lang='lat' dir='ltr'><strong>et</strong></span> <span class='ocrx_word' id='word_1_665' title='bbox 2546 3743 2632 3794; x_wconf 88' lang='lat' dir='ltr'><strong>uis</strong></span> <span class='ocrx_word' id='word_1_666' title='bbox 2655 3744 2770 3809; x_wconf 87' lang='lat' dir='ltr'><strong>ipse</strong></span> <span class='ocrx_word' id='word_1_667' title='bbox 2793 3759 2954 3808; x_wconf 87' lang='lat' dir='ltr'><strong>super</strong></span> <span class='ocrx_word' id='word_1_668' title='bbox 2969 3743 3140 3793; x_wconf 81' lang='lat' dir='ltr'><strong>libera</strong></span> <span class='ocrx_word' id='word_1_669' title='bbox 3161 3741 3303 3792; x_wconf 86' lang='lat' dir='ltr'><strong>colla</strong></span> <span class='ocrx_word' id='word_1_670' title='bbox 3323 3741 3489 3792; x_wconf 88' lang='lat' dir='ltr'><strong>sedet.</strong></span> 
     </span>
     <span class='ocr_line' id='line_1_98' title="bbox 2304 3761 3613 3859; baseline -0.002 0"><span class='ocrx_word' id='word_1_671' title='bbox 2304 3761 2545 3859; x_wconf 59' lang='lat' dir='ltr'><strong>excuffi</strong></span> <span class='ocrx_word' id='word_1_672' title='bbox 2564 3807 2657 3859; x_wconf 90' lang='lat' dir='ltr'><strong>ille</strong></span> <span class='ocrx_word' id='word_1_673' title='bbox 2675 3825 2796 3859; x_wconf 89' lang='lat' dir='ltr'><strong>acer</strong></span> <span class='ocrx_word' id='word_1_674' title='bbox 2817 3814 3000 3858; x_wconf 85' lang='lat' dir='ltr'><strong>custos</strong></span> <span class='ocrx_word' id='word_1_675' title='bbox 3023 3812 3078 3858; x_wconf 88' lang='lat' dir='ltr'><strong>et</strong></span> <span class='ocrx_word' id='word_1_676' title='bbox 3101 3807 3292 3858; x_wconf 90' lang='lat' dir='ltr'><strong>tollere</strong></span> <span class='ocrx_word' id='word_1_677' title='bbox 3315 3823 3443 3857; x_wconf 89' lang='lat' dir='ltr'><strong>num</strong></span> <span class='ocrx_word' id='word_1_678' title='bbox 3485 3822 3613 3857; x_wconf 88' lang='lat' dir='ltr'><strong>uam</strong></span> 
     </span>
     <span class='ocr_line' id='line_1_99' title="bbox 2369 3872 3864 3947; baseline -0.003 -23"><span class='ocrx_word' id='word_1_679' title='bbox 2369 3878 2424 3924; x_wconf 86' lang='lat' dir='ltr'><strong>te</strong></span> <span class='ocrx_word' id='word_1_680' title='bbox 2449 3873 2688 3938; x_wconf 88' lang='lat' dir='ltr'><strong>patietur</strong></span> <span class='ocrx_word' id='word_1_681' title='bbox 2709 3872 2876 3923; x_wconf 89' lang='lat' dir='ltr'><strong>humo</strong></span> <span class='ocrx_word' id='word_1_682' title='bbox 2893 3872 3103 3923; x_wconf 88' lang='lat' dir='ltr'><strong>lumina</strong></span> <span class='ocrx_word' id='word_1_683' title='bbox 3126 3877 3290 3947; x_wconf 84' lang='lat' dir='ltr'><strong>capta</strong></span> <span class='ocrx_word' id='word_1_684' title='bbox 3312 3888 3456 3922; x_wconf 86' lang='lat' dir='ltr'><strong>seme</strong></span> <span class='ocrx_word' id='word_1_685' title='bbox 3480 3910 3492 3922; x_wconf 92' lang='lat'><strong>.</strong></span> <span class='ocrx_word' id='word_1_686' title='bbox 3805 3884 3864 3920; x_wconf 89' lang='lat'><strong>10</strong></span> 
     </span>
     <span class='ocr_line' id='line_1_100' title="bbox 2303 3936 3520 4003; baseline -0.002 -14"><span class='ocrx_word' id='word_1_687' title='bbox 2303 3942 2375 3997; x_wconf 89' lang='lat' dir='ltr'><strong>et,</strong></span> <span class='ocrx_word' id='word_1_688' title='bbox 2404 3938 2514 3988; x_wconf 89' lang='lat' dir='ltr'><strong>iam</strong></span> <span class='ocrx_word' id='word_1_689' title='bbox 2539 3938 2585 3987; x_wconf 87' lang='lat' dir='ltr'><strong>si</strong></span> <span class='ocrx_word' id='word_1_690' title='bbox 2608 3954 2809 4003; x_wconf 86' lang='lat' dir='ltr'><strong>pecces,</strong></span> <span class='ocrx_word' id='word_1_691' title='bbox 2836 3937 2970 3987; x_wconf 85' lang='lat' dir='ltr'><strong>deus</strong></span> <span class='ocrx_word' id='word_1_692' title='bbox 2993 3936 3283 3988; x_wconf 81' lang='lat' dir='ltr'><strong>exorabilis</strong></span> <span class='ocrx_word' id='word_1_693' title='bbox 3304 3936 3399 3987; x_wconf 93' lang='lat' dir='ltr'><strong>ille</strong></span> <span class='ocrx_word' id='word_1_694' title='bbox 3421 3940 3520 3997; x_wconf 86' lang='lat' dir='ltr'><strong>est,</strong></span> 
     </span>
     <span class='ocr_line' id='line_1_101' title="bbox 2366 4001 3501 4068; baseline -0.001 -15"><span class='ocrx_word' id='word_1_695' title='bbox 2366 4002 2414 4053; x_wconf 88' lang='lat' dir='ltr'><strong>si</strong></span> <span class='ocrx_word' id='word_1_696' title='bbox 2436 4002 2597 4053; x_wconf 91' lang='lat' dir='ltr'><strong>modo</strong></span> <span class='ocrx_word' id='word_1_697' title='bbox 2619 4002 2920 4068; x_wconf 85' lang='lat' dir='ltr'><strong>praesentis</strong></span> <span class='ocrx_word' id='word_1_698' title='bbox 2942 4001 3143 4053; x_wconf 81' lang='lat' dir='ltr'><strong>uiderit</strong></span> <span class='ocrx_word' id='word_1_699' title='bbox 3165 4017 3281 4053; x_wconf 88' lang='lat' dir='ltr'><strong>esse</strong></span> <span class='ocrx_word' id='word_1_700' title='bbox 3303 4016 3501 4068; x_wconf 88' lang='lat' dir='ltr'><strong>preces.</strong></span> 
     </span>
    </p>
   </div>
   <div class='ocr_carea' id='block_1_16' title="bbox 2302 4141 3862 4534">
    <p class='ocr_par' dir='ltr' id='par_1_18' title="bbox 2302 4141 3596 4273">
     <span class='ocr_line' id='line_1_102' title="bbox 2302 4141 3465 4203; baseline -0.003 -8"><span class='ocrx_word' id='word_1_701' title='bbox 2302 4143 2413 4195; x_wconf 87' lang='lat' dir='ltr'><strong>ista</strong></span> <span class='ocrx_word' id='word_1_702' title='bbox 2434 4159 2590 4194; x_wconf 90' lang='lat' dir='ltr'><strong>senes</strong></span> <span class='ocrx_word' id='word_1_703' title='bbox 2613 4142 2744 4194; x_wconf 90' lang='lat' dir='ltr'><strong>licet</strong></span> <span class='ocrx_word' id='word_1_704' title='bbox 2765 4145 3024 4193; x_wconf 85' lang='lat' dir='ltr'><strong>accusent</strong></span> <span class='ocrx_word' id='word_1_705' title='bbox 3046 4142 3303 4193; x_wconf 89' lang='lat' dir='ltr'><strong>conuiuia</strong></span> <span class='ocrx_word' id='word_1_706' title='bbox 3324 4141 3465 4203; x_wconf 89' lang='lat' dir='ltr'><strong>duri,</strong></span> 
     </span>
     <span class='ocr_line' id='line_1_103' title="bbox 2368 4206 3596 4273; baseline -0.001 -15"><span class='ocrx_word' id='word_1_707' title='bbox 2368 4225 2467 4258; x_wconf 89' lang='lat' dir='ltr'><strong>nos</strong></span> <span class='ocrx_word' id='word_1_708' title='bbox 2491 4208 2648 4258; x_wconf 90' lang='lat' dir='ltr'><strong>modo</strong></span> <span class='ocrx_word' id='word_1_709' title='bbox 2671 4207 3022 4273; x_wconf 89' lang='lat' dir='ltr'><strong>propositum,</strong></span> <span class='ocrx_word' id='word_1_710' title='bbox 3048 4207 3188 4268; x_wconf 90' lang='lat' dir='ltr'><strong>uita,</strong></span> <span class='ocrx_word' id='word_1_711' title='bbox 3215 4211 3456 4257; x_wconf 88' lang='lat' dir='ltr'><strong>teramus</strong></span> <span class='ocrx_word' id='word_1_712' title='bbox 3478 4206 3596 4257; x_wconf 89' lang='lat' dir='ltr'><strong>iter.</strong></span> 
     </span>
    </p>

    <p class='ocr_par' dir='ltr' id='par_1_19' title="bbox 2304 4272 3862 4403">
     <span class='ocr_line' id='line_1_104' title="bbox 2304 4272 3862 4338; baseline -0.001 -15"><span class='ocrx_word' id='word_1_713' title='bbox 2304 4272 2520 4324; x_wconf 90' lang='lat' dir='ltr'><strong>illorum</strong></span> <span class='ocrx_word' id='word_1_714' title='bbox 2546 4273 2787 4338; x_wconf 85' lang='lat' dir='ltr'><strong>antiquis</strong></span> <span class='ocrx_word' id='word_1_715' title='bbox 2811 4278 3104 4323; x_wconf 88' lang='lat' dir='ltr'><strong>onerentur</strong></span> <span class='ocrx_word' id='word_1_716' title='bbox 3126 4272 3336 4337; x_wconf 83' lang='lat' dir='ltr'><strong>legibus</strong></span> <span class='ocrx_word' id='word_1_717' title='bbox 3357 4288 3516 4322; x_wconf 59' lang='lat' dir='ltr'><strong>auras</strong></span> <span class='ocrx_word' id='word_1_718' title='bbox 3541 4293 3552 4323; x_wconf 72' lang='grc' dir='ltr'><strong>ε</strong></span> <span class='ocrx_word' id='word_1_719' title='bbox 3805 4284 3862 4336; x_wconf 88' lang='lat'><strong>15</strong></span> 
     </span>
     <span class='ocr_line' id='line_1_105' title="bbox 2370 4337 3533 4403; baseline -0.002 -15"><span class='ocrx_word' id='word_1_720' title='bbox 2370 4339 2458 4389; x_wconf 90' lang='lat' dir='ltr'><strong>hic</strong></span> <span class='ocrx_word' id='word_1_721' title='bbox 2481 4338 2629 4388; x_wconf 85' lang='lat' dir='ltr'><strong>locus</strong></span> <span class='ocrx_word' id='word_1_722' title='bbox 2652 4342 2737 4388; x_wconf 90' lang='lat' dir='ltr'><strong>est</strong></span> <span class='ocrx_word' id='word_1_723' title='bbox 2762 4337 2818 4387; x_wconf 93' lang='lat' dir='ltr'><strong>in</strong></span> <span class='ocrx_word' id='word_1_724' title='bbox 2842 4353 2966 4403; x_wconf 90' lang='lat' dir='ltr'><strong>qu0‚</strong></span> <span class='ocrx_word' id='word_1_725' title='bbox 2994 4337 3132 4388; x_wconf 87' lang='lat' dir='ltr'><strong>tibia</strong></span> <span class='ocrx_word' id='word_1_726' title='bbox 3155 4337 3332 4395; x_wconf 83' lang='lat' dir='ltr'><strong>docta,</strong></span> <span class='ocrx_word' id='word_1_727' title='bbox 3360 4352 3533 4397; x_wconf 87' lang='lat' dir='ltr'><strong>sones,</strong></span> 
     </span>
    </p>

    <p class='ocr_par' dir='ltr' id='par_1_20' title="bbox 2304 4400 3611 4534">
     <span class='ocr_line' id='line_1_106' title="bbox 2304 4400 3611 4469; baseline 0 -17"><span class='ocrx_word' id='word_1_728' title='bbox 2304 4419 2444 4469; x_wconf 90' lang='lat' dir='ltr'><strong>quae</strong></span> <span class='ocrx_word' id='word_1_729' title='bbox 2469 4419 2576 4452; x_wconf 94' lang='lat' dir='ltr'><strong>non</strong></span> <span class='ocrx_word' id='word_1_730' title='bbox 2600 4402 2717 4453; x_wconf 90' lang='lat' dir='ltr'><strong>iure</strong></span> <span class='ocrx_word' id='word_1_731' title='bbox 2741 4402 2884 4452; x_wconf 89' lang='lat' dir='ltr'><strong>uado</strong></span> <span class='ocrx_word' id='word_1_732' title='bbox 2909 4401 3195 4452; x_wconf 88' lang='lat' dir='ltr'><strong>Maeandri</strong></span> <span class='ocrx_word' id='word_1_733' title='bbox 3217 4402 3363 4452; x_wconf 87' lang='lat' dir='ltr'><strong>iacta</strong></span> <span class='ocrx_word' id='word_1_734' title='bbox 3386 4400 3611 4463; x_wconf 87' lang='lat' dir='ltr'><strong>natasti,</strong></span> 
     </span>
     <span class='ocr_line' id='line_1_107' title="bbox 2370 4461 3525 4534; baseline -0.003 -16"><span class='ocrx_word' id='word_1_735' title='bbox 2370 4468 2555 4534; x_wconf 87' lang='lat' dir='ltr'><strong>turpia</strong></span> <span class='ocrx_word' id='word_1_736' title='bbox 2577 4461 2700 4518; x_wconf 71' lang='lat' dir='ltr'><strong>cum</strong></span> <span class='ocrx_word' id='word_1_737' title='bbox 2724 4466 2928 4518; x_wconf 88' lang='lat' dir='ltr'><strong>faceret</strong></span> <span class='ocrx_word' id='word_1_738' title='bbox 2950 4466 3190 4518; x_wconf 87' lang='lat' dir='ltr'><strong>Palladis</strong></span> <span class='ocrx_word' id='word_1_739' title='bbox 3214 4482 3308 4518; x_wconf 89' lang='lat' dir='ltr'><strong>ora</strong></span> <span class='ocrx_word' id='word_1_740' title='bbox 3330 4471 3525 4517; x_wconf 90' lang='lat' dir='ltr'><strong>tumor.</strong></span> 
     </span>
    </p>
   </div>
   <div class='ocr_carea' id='block_1_17' title="bbox 763 4613 3859 4678">
    <p class='ocr_par' dir='ltr' id='par_1_21' title="bbox 763 4613 3859 4678">
     <span class='ocr_line' id='line_1_108' title="bbox 763 4613 3859 4678; baseline -0 -14"><span class='ocrx_word' id='word_1_741' title='bbox 763 4619 967 4664; x_wconf 84' lang='lat' dir='ltr'><strong>xxvm</strong></span> <span class='ocrx_word' id='word_1_742' title='bbox 997 4620 1057 4663; x_wconf 78' lang='grc'><strong>28</strong></span> <span class='ocrx_word' id='word_1_743' title='bbox 1087 4620 1161 4666; x_wconf 88' lang='lat' dir='ltr'><strong>ita</strong></span> <span class='ocrx_word' id='word_1_744' title='bbox 1192 4613 1549 4675; x_wconf 77' lang='lat' dir='ltr'><strong>KuinoeL&#39;illa</strong></span> <span class='ocrx_word' id='word_1_745' title='bbox 1585 4621 1861 4677; x_wconf 72' lang='lat' dir='ltr'><strong>sepulturae</strong></span> <span class='ocrx_word' id='word_1_746' title='bbox 1884 4619 1999 4676; x_wconf 77' lang='lat' dir='ltr'><strong>sata</strong></span> <span class='ocrx_word' id='word_1_747' title='bbox 2035 4620 2075 4667; x_wconf 83' lang='lat' dir='ltr'><strong>b.</strong></span> <span class='ocrx_word' id='word_1_748' title='bbox 2117 4625 2229 4666; x_wconf 66' lang='lat' dir='ltr'><strong>tuae</strong></span> <span class='ocrx_word' id='word_1_749' title='bbox 2260 4630 2318 4676; x_wconf 92' lang='grc' dir='ltr'><strong>Ω,</strong></span> <span class='ocrx_word' id='word_1_750' title='bbox 2357 4624 2476 4667; x_wconf 83' lang='lat' dir='ltr'><strong>ante</strong></span> <span class='ocrx_word' id='word_1_751' title='bbox 2511 4635 2620 4666; x_wconf 91' lang='lat' dir='ltr'><strong>eum</strong></span> <span class='ocrx_word' id='word_1_752' title='bbox 2661 4622 2768 4678; x_wconf 74' lang='lat' dir='ltr'><strong>ipsa</strong></span> <span class='ocrx_word' id='word_1_753' title='bbox 2805 4621 2857 4665; x_wconf 87' lang='lat' dir='ltr'><strong>et</strong></span> <span class='ocrx_word' id='word_1_754' title='bbox 2884 4619 3025 4676; x_wconf 78' lang='lat' dir='ltr'><strong>sacta</strong></span> <span class='ocrx_word' id='word_1_755' title='bbox 3062 4636 3108 4674; x_wconf 69' lang='grc' dir='ltr'><strong>τ,</strong></span> <span class='ocrx_word' id='word_1_756' title='bbox 3149 4618 3547 4674; x_wconf 72' lang='lat' dir='ltr'><strong>sepultura—tua</strong></span> <span class='ocrx_word' id='word_1_757' title='bbox 3583 4615 3859 4664; x_wconf 80' lang='lat' dir='ltr'><strong>Markland.</strong></span> 
     </span>
    </p>
   </div>
   <div class='ocr_carea' id='block_1_18' title="bbox 648 4677 3854 4911">
    <p class='ocr_par' dir='ltr' id='par_1_22' title="bbox 648 4677 3854 4911">
     <span class='ocr_line' id='line_1_109' title="bbox 648 4677 2801 4735; baseline -0 -11"><span class='ocrx_word' id='word_1_758' title='bbox 648 4680 705 4724; x_wconf 87' lang='grc'><strong>29</strong></span> <span class='ocrx_word' id='word_1_759' title='bbox 734 4681 866 4726; x_wconf 73' lang='lat' dir='ltr'><strong>inter</strong></span> <span class='ocrx_word' id='word_1_760' title='bbox 896 4680 997 4724; x_wconf 74' lang='lat' dir='ltr'><strong>her.</strong></span> <span class='ocrx_word' id='word_1_761' title='bbox 1030 4693 1157 4724; x_wconf 83' lang='lat' dir='ltr'><strong>omn.</strong></span> <span class='ocrx_word' id='word_1_762' title='bbox 1184 4679 1295 4724; x_wconf 79' lang='grc' dir='ltr'><strong>ΦΝ.</strong></span> <span class='ocrx_word' id='word_1_763' title='bbox 1361 4693 1471 4724; x_wconf 87' lang='lat' dir='ltr'><strong>cum</strong></span> <span class='ocrx_word' id='word_1_764' title='bbox 1503 4680 1531 4722; x_wconf 86' lang='grc'><strong>2</strong></span> <span class='ocrx_word' id='word_1_765' title='bbox 1562 4680 1692 4725; x_wconf 83' lang='lat' dir='ltr'><strong>Pass.</strong></span> <span class='ocrx_word' id='word_1_766' title='bbox 1730 4681 1802 4734; x_wconf 83' lang='grc'><strong>33,</strong></span> <span class='ocrx_word' id='word_1_767' title='bbox 1839 4681 1898 4723; x_wconf 88' lang='grc'><strong>34</strong></span> <span class='ocrx_word' id='word_1_768' title='bbox 1927 4680 2180 4725; x_wconf 81' lang='lat' dir='ltr'><strong>coniunxit</strong></span> <span class='ocrx_word' id='word_1_769' title='bbox 2201 4679 2426 4735; x_wconf 87' lang='lat' dir='ltr'><strong>(Housm.</strong></span> <span class='ocrx_word' id='word_1_770' title='bbox 2454 4680 2605 4725; x_wconf 85' lang='lat' dir='ltr'><strong>etiam</strong></span> <span class='ocrx_word' id='word_1_771' title='bbox 2629 4677 2801 4733; x_wconf 85' lang='lat'><strong>35-38).</strong></span> 
     </span>
     <span class='ocr_line' id='line_1_110' title="bbox 649 4737 2912 4795; baseline -0.003 -11"><span class='ocrx_word' id='word_1_772' title='bbox 649 4739 734 4784; x_wconf 66' lang='lat' dir='ltr'><strong>cub</strong></span> <span class='ocrx_word' id='word_1_773' title='bbox 760 4740 976 4793; x_wconf 72' lang='lat' dir='ltr'><strong>imayine</strong></span> <span class='ocrx_word' id='word_1_774' title='bbox 996 4737 1047 4783; x_wconf 92' lang='lat' dir='ltr'><strong>F.</strong></span> <span class='ocrx_word' id='word_1_775' title='bbox 1114 4739 1172 4781; x_wconf 83' lang='grc'><strong>36</strong></span> <span class='ocrx_word' id='word_1_776' title='bbox 1203 4742 1323 4783; x_wconf 79' lang='lat' dir='ltr'><strong>tacet</strong></span> <span class='ocrx_word' id='word_1_777' title='bbox 1344 4737 1600 4793; x_wconf 73' lang='lat' dir='ltr'><strong>canterus,</strong></span> <span class='ocrx_word' id='word_1_778' title='bbox 1625 4740 1747 4783; x_wconf 76' lang='lat' dir='ltr'><strong>iacet</strong></span> <span class='ocrx_word' id='word_1_779' title='bbox 1768 4748 1826 4783; x_wconf 97' lang='grc' dir='ltr'><strong>Ω.</strong></span> <span class='ocrx_word' id='word_1_780' title='bbox 1891 4739 1950 4781; x_wconf 84' lang='grc'><strong>38</strong></span> <span class='ocrx_word' id='word_1_781' title='bbox 1969 4740 2179 4784; x_wconf 74' lang='lat' dir='ltr'><strong>concinit</strong></span> <span class='ocrx_word' id='word_1_782' title='bbox 2199 4753 2228 4782; x_wconf 85' lang='lat' dir='ltr'>v</span> <span class='ocrx_word' id='word_1_783' title='bbox 2252 4753 2364 4795; x_wconf 66' lang='lat' dir='ltr'><strong>mg„</strong></span> <span class='ocrx_word' id='word_1_784' title='bbox 2390 4739 2610 4784; x_wconf 73' lang='lat' dir='ltr'><strong>condidit</strong></span> <span class='ocrx_word' id='word_1_785' title='bbox 2631 4748 2690 4783; x_wconf 89' lang='grc' dir='ltr'><strong>Ω.</strong></span> <span class='ocrx_word' id='word_1_786' title='bbox 2754 4738 2827 4792; x_wconf 90' lang='grc'><strong>39,</strong></span> <span class='ocrx_word' id='word_1_787' title='bbox 2850 4737 2912 4779; x_wconf 84' lang='grc'><strong>40</strong></span> 
     </span>
     <span class='ocr_line' id='line_1_111' title="bbox 1018 4796 2856 4855; baseline 0.001 -15"><span class='ocrx_word' id='word_1_788' title='bbox 1018 4799 1132 4854; x_wconf 82' lang='lat' dir='ltr'><strong>post</strong></span> <span class='ocrx_word' id='word_1_789' title='bbox 1158 4796 1206 4841; x_wconf 89' lang='lat' dir='ltr'><strong>h.</strong></span> <span class='ocrx_word' id='word_1_790' title='bbox 1230 4810 1278 4842; x_wconf 90' lang='lat' dir='ltr'><strong>u.</strong></span> <span class='ocrx_word' id='word_1_791' title='bbox 1304 4796 1346 4842; x_wconf 91' lang='lat'><strong>8.</strong></span> <span class='ocrx_word' id='word_1_792' title='bbox 1372 4796 1510 4842; x_wconf 57' lang='lat'><strong>2124</strong></span> <span class='ocrx_word' id='word_1_793' title='bbox 1537 4801 1721 4855; x_wconf 81' lang='lat' dir='ltr'><strong>transp.</strong></span> <span class='ocrx_word' id='word_1_794' title='bbox 1746 4796 1874 4842; x_wconf 88' lang='lat' dir='ltr'><strong>uult.</strong></span> <span class='ocrx_word' id='word_1_795' title='bbox 1900 4797 2107 4842; x_wconf 89' lang='lat' dir='ltr'><strong>Housm.</strong></span> <span class='ocrx_word' id='word_1_796' title='bbox 2169 4799 2231 4840; x_wconf 91' lang='grc'><strong>44</strong></span> <span class='ocrx_word' id='word_1_797' title='bbox 2252 4802 2319 4842; x_wconf 70' lang='grc' dir='ltr'>εει</span> <span class='ocrx_word' id='word_1_798' title='bbox 2343 4811 2437 4843; x_wconf 91' lang='lat' dir='ltr'><strong>om.</strong></span> <span class='ocrx_word' id='word_1_799' title='bbox 2467 4814 2513 4842; x_wconf 67' lang='grc' dir='ltr'><strong>τ.</strong></span> <span class='ocrx_word' id='word_1_800' title='bbox 2577 4798 2638 4839; x_wconf 79' lang='grc'><strong>45</strong></span> <span class='ocrx_word' id='word_1_801' title='bbox 2657 4801 2856 4853; x_wconf 76' lang='lat' dir='ltr'><strong>operata</strong></span> 
     </span>
     <span class='ocr_line' id='line_1_112' title="bbox 1932 4852 3854 4911; baseline -0.002 -11"><span class='ocrx_word' id='word_1_802' title='bbox 1932 4866 1990 4911; x_wconf 91' lang='grc' dir='ltr'><strong>Ω,</strong></span> <span class='ocrx_word' id='word_1_803' title='bbox 2015 4857 2225 4901; x_wconf 72' lang='lat' dir='ltr'><strong>Hesione</strong></span> <span class='ocrx_word' id='word_1_804' title='bbox 2245 4856 2471 4910; x_wconf 84' lang='lat' dir='ltr'><strong>Housm.,</strong></span> <span class='ocrx_word' id='word_1_805' title='bbox 2496 4860 2563 4901; x_wconf 70' lang='lat' dir='ltr'><strong>est</strong></span> <span class='ocrx_word' id='word_1_806' title='bbox 2589 4856 2685 4900; x_wconf 86' lang='lat' dir='ltr'><strong>Iole</strong></span> <span class='ocrx_word' id='word_1_807' title='bbox 2706 4872 2753 4900; x_wconf 66' lang='grc' dir='ltr'><strong>τ.</strong></span> <span class='ocrx_word' id='word_1_808' title='bbox 2816 4855 2876 4898; x_wconf 72' lang='lat'><strong>5⁸</strong></span> <span class='ocrx_word' id='word_1_809' title='bbox 2896 4855 3026 4900; x_wconf 77' lang='lat' dir='ltr'><strong>troia</strong></span> <span class='ocrx_word' id='word_1_810' title='bbox 3047 4863 3090 4898; x_wconf 88' lang='grc' dir='ltr'><strong>Ω</strong></span> <span class='ocrx_word' id='word_1_811' title='bbox 3112 4856 3411 4910; x_wconf 87' lang='lat' dir='ltr'><strong>corruptum,</strong></span> <span class='ocrx_word' id='word_1_812' title='bbox 3438 4852 3580 4898; x_wconf 76' lang='lat' dir='ltr'><strong>Creta</strong></span> <span class='ocrx_word' id='word_1_813' title='bbox 3602 4852 3724 4896; x_wconf 84' lang='lat' dir='ltr'><strong>Ross</strong></span> <span class='ocrx_word' id='word_1_814' title='bbox 3784 4867 3854 4909; x_wconf 82' lang='lat' dir='ltr'><strong>rg,</strong></span> 
     </span>
    </p>
   </div>
   <div class='ocr_carea' id='block_1_19' title="bbox 647 4796 1911 4913">
    <p class='ocr_par' dir='ltr' id='par_1_23' title="bbox 647 4796 1911 4913">
     <span class='ocr_line' id='line_1_113' title="bbox 648 4796 974 4844; baseline -0.015 1"><span class='ocrx_word' id='word_1_815' title='bbox 648 4798 771 4844; x_wconf 68' lang='lat' dir='ltr'><strong>locos</strong></span> <span class='ocrx_word' id='word_1_816' title='bbox 798 4796 974 4842; x_wconf 87' lang='lat' dir='ltr'><strong>Baehr.</strong></span> 
     </span>
     <span class='ocr_line' id='line_1_114' title="bbox 647 4855 1911 4913; baseline 0 -11"><span class='ocrx_word' id='word_1_817' title='bbox 647 4866 706 4902; x_wconf 90' lang='grc' dir='ltr'><strong>Ω.</strong></span> <span class='ocrx_word' id='word_1_818' title='bbox 769 4856 829 4899; x_wconf 89' lang='grc'><strong>47</strong></span> <span class='ocrx_word' id='word_1_819' title='bbox 917 4870 962 4913; x_wconf 93' lang='lat' dir='ltr'><strong>q.</strong></span> <span class='ocrx_word' id='word_1_820' title='bbox 989 4870 1019 4900; x_wconf 86' lang='lat' dir='ltr'><strong>a</strong></span> <span class='ocrx_word' id='word_1_821' title='bbox 1048 4855 1285 4912; x_wconf 87' lang='lat' dir='ltr'><strong>prioribus</strong></span> <span class='ocrx_word' id='word_1_822' title='bbox 1306 4869 1405 4913; x_wconf 84' lang='lat' dir='ltr'><strong>sep.</strong></span> <span class='ocrx_word' id='word_1_823' title='bbox 1432 4855 1576 4901; x_wconf 80' lang='lat' dir='ltr'><strong>Lach.</strong></span> <span class='ocrx_word' id='word_1_824' title='bbox 1641 4856 1700 4899; x_wconf 73' lang='lat'><strong>51</strong></span> <span class='ocrx_word' id='word_1_825' title='bbox 1720 4861 1787 4901; x_wconf 73' lang='lat' dir='ltr'><strong>est</strong></span> <span class='ocrx_word' id='word_1_826' title='bbox 1806 4857 1911 4912; x_wconf 79' lang='lat' dir='ltr'><strong>iope</strong></span> 
     </span>
    </p>
   </div>
   <div class='ocr_carea' id='block_1_20' title="bbox 2866 4675 3862 4851">
    <p class='ocr_par' dir='ltr' id='par_1_24' title="bbox 2866 4675 3862 4851">
     <span class='ocr_line' id='line_1_115' title="bbox 2866 4675 3857 4733; baseline 0.002 -12"><span class='ocrx_word' id='word_1_827' title='bbox 2866 4680 2925 4721; x_wconf 74' lang='grc'><strong>33</strong></span> <span class='ocrx_word' id='word_1_828' title='bbox 2955 4678 3069 4723; x_wconf 86' lang='lat' dir='ltr'><strong>hino</strong></span> <span class='ocrx_word' id='word_1_829' title='bbox 3100 4690 3282 4722; x_wconf 88' lang='lat' dir='ltr'><strong>nouum</strong></span> <span class='ocrx_word' id='word_1_830' title='bbox 3315 4689 3508 4721; x_wconf 83' lang='lat' dir='ltr'><strong>carmen</strong></span> <span class='ocrx_word' id='word_1_831' title='bbox 3539 4675 3590 4721; x_wconf 90' lang='lat' dir='ltr'><strong>in</strong></span> <span class='ocrx_word' id='word_1_832' title='bbox 3622 4675 3669 4720; x_wconf 91' lang='lat' dir='ltr'>N</span> <span class='ocrx_word' id='word_1_833' title='bbox 3691 4675 3763 4732; x_wconf 83' lang='lat' dir='ltr'><strong>(et</strong></span> <span class='ocrx_word' id='word_1_834' title='bbox 3779 4675 3857 4733; x_wconf 83' lang='grc' dir='ltr'><strong>μ).</strong></span> 
     </span>
     <span class='ocr_line' id='line_1_116' title="bbox 2938 4735 3859 4794; baseline -0.001 -13"><span class='ocrx_word' id='word_1_835' title='bbox 2938 4740 3050 4794; x_wconf 82' lang='lat' dir='ltr'><strong>post</strong></span> <span class='ocrx_word' id='word_1_836' title='bbox 3069 4737 3130 4778; x_wconf 96' lang='grc'><strong>42</strong></span> <span class='ocrx_word' id='word_1_837' title='bbox 3149 4739 3334 4792; x_wconf 85' lang='lat' dir='ltr'><strong>transp.</strong></span> <span class='ocrx_word' id='word_1_838' title='bbox 3361 4735 3499 4780; x_wconf 74' lang='lat' dir='ltr'><strong>Otto.</strong></span> <span class='ocrx_word' id='word_1_839' title='bbox 3561 4735 3623 4777; x_wconf 86' lang='grc'><strong>40</strong></span> <span class='ocrx_word' id='word_1_840' title='bbox 3644 4735 3779 4780; x_wconf 68' lang='lat' dir='ltr'><strong>lacus</strong></span> <span class='ocrx_word' id='word_1_841' title='bbox 3799 4745 3859 4793; x_wconf 89' lang='grc' dir='ltr'><strong>Ω,</strong></span> 
     </span>
     <span class='ocr_line' id='line_1_117' title="bbox 2876 4792 3862 4851; baseline 0.002 -13"><span class='ocrx_word' id='word_1_842' title='bbox 2876 4795 3146 4841; x_wconf 81' lang='lat' dir='ltr'><strong>Vaticanus</strong></span> <span class='ocrx_word' id='word_1_843' title='bbox 3165 4793 3284 4839; x_wconf 84' lang='lat'>3188</span> <span class='ocrx_word' id='word_1_844' title='bbox 3304 4808 3391 4851; x_wconf 89' lang='lat' dir='ltr'><strong>pro</strong></span> <span class='ocrx_word' id='word_1_845' title='bbox 3411 4808 3513 4839; x_wconf 75' lang='lat' dir='ltr'><strong>uar.</strong></span> <span class='ocrx_word' id='word_1_846' title='bbox 3539 4792 3671 4848; x_wconf 69' lang='lat' dir='ltr'><strong>lect„</strong></span> <span class='ocrx_word' id='word_1_847' title='bbox 3825 4809 3862 4840; x_wconf 79' lang='lat' dir='ltr'><strong>a</strong></span> 
     </span>
    </p>
   </div>
   <div class='ocr_carea' id='block_1_21' title="bbox 647 4911 3862 4971">
    <p class='ocr_par' dir='ltr' id='par_1_25' title="bbox 647 4911 3862 4971">
     <span class='ocr_line' id='line_1_118' title="bbox 647 4911 3862 4971; baseline -0.002 -11"><span class='ocrx_word' id='word_1_848' title='bbox 647 4915 835 4961; x_wconf 72' lang='lat' dir='ltr'><strong>Phthia</strong></span> <span class='ocrx_word' id='word_1_849' title='bbox 865 4914 893 4958; x_wconf 60' lang='grc' dir='ltr'><strong>Ἰ</strong></span> <span class='ocrx_word' id='word_1_850' title='bbox 933 4913 1202 4971; x_wconf 78' lang='lat' dir='ltr'><strong>assenberg.</strong></span> <span class='ocrx_word' id='word_1_851' title='bbox 1266 4915 1328 4957; x_wconf 74' lang='grc'><strong>64</strong></span> <span class='ocrx_word' id='word_1_852' title='bbox 1352 4913 1560 4971; x_wconf 73' lang='lat' dir='ltr'><strong>ph(o)ebi</strong></span> <span class='ocrx_word' id='word_1_853' title='bbox 1589 4924 1647 4969; x_wconf 93' lang='grc' dir='ltr'><strong>Ω,</strong></span> <span class='ocrx_word' id='word_1_854' title='bbox 1686 4915 1793 4960; x_wconf 81' lang='lat' dir='ltr'><strong>Beli</strong></span> <span class='ocrx_word' id='word_1_855' title='bbox 1823 4914 1990 4969; x_wconf 82' lang='lat' dir='ltr'><strong>Jacob,</strong></span> <span class='ocrx_word' id='word_1_856' title='bbox 2030 4915 2211 4960; x_wconf 75' lang='lat' dir='ltr'><strong>Thebae</strong></span> <span class='ocrx_word' id='word_1_857' title='bbox 2244 4914 2367 4961; x_wconf 86' lang='lat' dir='ltr'><strong>Scal.</strong></span> <span class='ocrx_word' id='word_1_858' title='bbox 2432 4915 2506 4969; x_wconf 77' lang='grc'><strong>57,</strong></span> <span class='ocrx_word' id='word_1_859' title='bbox 2532 4915 2591 4957; x_wconf 79' lang='lat'><strong>58</strong></span> <span class='ocrx_word' id='word_1_860' title='bbox 2621 4913 2700 4960; x_wconf 88' lang='lat' dir='ltr'><strong>hic</strong></span> <span class='ocrx_word' id='word_1_861' title='bbox 2729 4913 2912 4960; x_wconf 84' lang='lat' dir='ltr'><strong>alienos</strong></span> <span class='ocrx_word' id='word_1_862' title='bbox 2942 4916 3059 4958; x_wconf 85' lang='lat' dir='ltr'><strong>ante</strong></span> <span class='ocrx_word' id='word_1_863' title='bbox 3090 4913 3168 4957; x_wconf 91' lang='lat'><strong>111</strong></span> <span class='ocrx_word' id='word_1_864' title='bbox 3191 4912 3262 4956; x_wconf 87' lang='lat'><strong>18.</strong></span> <span class='ocrx_word' id='word_1_865' title='bbox 3288 4911 3347 4956; x_wconf 88' lang='lat'><strong>25</strong></span> <span class='ocrx_word' id='word_1_866' title='bbox 3371 4911 3511 4969; x_wconf 85' lang='lat' dir='ltr'><strong>ponit</strong></span> <span class='ocrx_word' id='word_1_867' title='bbox 3531 4911 3737 4956; x_wconf 83' lang='lat' dir='ltr'><strong>Housm.</strong></span> <span class='ocrx_word' id='word_1_868' title='bbox 3802 4912 3862 4955; x_wconf 79' lang='grc'><strong>59</strong></span> 
     </span>
    </p>
   </div>
   <div class='ocr_carea' id='block_1_22' title="bbox 646 4970 2973 5031">
    <p class='ocr_par' dir='ltr' id='par_1_26' title="bbox 646 4970 2973 5031">
     <span class='ocr_line' id='line_1_119' title="bbox 646 4970 2973 5031; baseline -0.002 -11"><span class='ocrx_word' id='word_1_869' title='bbox 646 4975 855 5020; x_wconf 65' lang='lat' dir='ltr'><strong>demissa</strong></span> <span class='ocrx_word' id='word_1_870' title='bbox 876 4983 933 5017; x_wconf 89' lang='grc' dir='ltr'><strong>Ω.</strong></span> <span class='ocrx_word' id='word_1_871' title='bbox 999 4974 1058 5016; x_wconf 79' lang='grc'><strong>30</strong></span> <span class='ocrx_word' id='word_1_872' title='bbox 1093 4973 1220 5018; x_wconf 73' lang='lat' dir='ltr'><strong>tholo</strong></span> <span class='ocrx_word' id='word_1_873' title='bbox 1252 4972 1356 5018; x_wconf 90' lang='lat' dir='ltr'><strong>cod.</strong></span> <span class='ocrx_word' id='word_1_874' title='bbox 1392 4973 1525 5019; x_wconf 81' lang='lat' dir='ltr'><strong>Pass.</strong></span> <span class='ocrx_word' id='word_1_875' title='bbox 1589 4974 1648 5016; x_wconf 79' lang='grc'><strong>32</strong></span> <span class='ocrx_word' id='word_1_876' title='bbox 1677 4975 1874 5019; x_wconf 72' lang='lat' dir='ltr'><strong>uotioeas</strong></span> <span class='ocrx_word' id='word_1_877' title='bbox 1888 4990 1905 5025; x_wconf 89' lang='lat'><strong>,·</strong></span> <span class='ocrx_word' id='word_1_878' title='bbox 1938 4974 2010 5019; x_wconf 85' lang='lat' dir='ltr'><strong>ita</strong></span> <span class='ocrx_word' id='word_1_879' title='bbox 2039 4977 2275 5031; x_wconf 88' lang='lat' dir='ltr'><strong>punctum</strong></span> <span class='ocrx_word' id='word_1_880' title='bbox 2296 4973 2407 5019; x_wconf 83' lang='lat' dir='ltr'><strong>add.</strong></span> <span class='ocrx_word' id='word_1_881' title='bbox 2435 4973 2683 5018; x_wconf 83' lang='lat' dir='ltr'><strong>Gebhardi</strong></span> <span class='ocrx_word' id='word_1_882' title='bbox 2702 4972 2805 5018; x_wconf 86' lang='lat' dir='ltr'><strong>cod.</strong></span> <span class='ocrx_word' id='word_1_883' title='bbox 2832 4970 2973 5027; x_wconf 80' lang='lat' dir='ltr'><strong>(nos).</strong></span> 
     </span>
    </p>
   </div>
   <div class='ocr_carea' id='block_1_23' title="bbox 3096 4969 3861 5027">
    <p class='ocr_par' dir='ltr' id='par_1_27' title="bbox 3096 4969 3861 5027">
     <span class='ocr_line' id='line_1_120' title="bbox 3096 4969 3861 5027; baseline 0.001 -13"><span class='ocrx_word' id='word_1_884' title='bbox 3096 4969 3252 5014; x_wconf 80' lang='lat' dir='ltr'>xxlx</span> <span class='ocrx_word' id='word_1_885' title='bbox 3272 4985 3301 5016; x_wconf 81' lang='lat' dir='ltr'><strong>a</strong></span> <span class='ocrx_word' id='word_1_886' title='bbox 3321 4969 3559 5027; x_wconf 82' lang='lat' dir='ltr'><strong>prioribus</strong></span> <span class='ocrx_word' id='word_1_887' title='bbox 3579 4972 3861 5027; x_wconf 79' lang='lat' dir='ltr'><strong>separatum</strong></span> 
     </span>
    </p>
   </div>
   <div class='ocr_carea' id='block_1_24' title="bbox 646 5028 3862 5090">
    <p class='ocr_par' dir='ltr' id='par_1_28' title="bbox 646 5028 3862 5090">
     <span class='ocr_line' id='line_1_121' title="bbox 646 5028 3862 5090; baseline -0.001 -12"><span class='ocrx_word' id='word_1_888' title='bbox 646 5033 696 5078; x_wconf 92' lang='lat' dir='ltr'><strong>in</strong></span> <span class='ocrx_word' id='word_1_889' title='bbox 728 5033 776 5078; x_wconf 87' lang='lat' dir='ltr'>N</span> <span class='ocrx_word' id='word_1_890' title='bbox 798 5046 829 5076; x_wconf 84' lang='lat' dir='ltr'>v</span> <span class='ocrx_word' id='word_1_891' title='bbox 859 5035 911 5076; x_wconf 90' lang='lat' dir='ltr'><strong>et</strong></span> <span class='ocrx_word' id='word_1_892' title='bbox 939 5048 996 5086; x_wconf 88' lang='grc' dir='ltr'><strong>μ..</strong></span> <span class='ocrx_word' id='word_1_893' title='bbox 1060 5032 1088 5074; x_wconf 89' lang='grc'><strong>1</strong></span> <span class='ocrx_word' id='word_1_894' title='bbox 1120 5032 1356 5077; x_wconf 63' lang='lat' dir='ltr'><strong>Hesterno</strong></span> <span class='ocrx_word' id='word_1_895' title='bbox 1385 5045 1487 5087; x_wconf 87' lang='lat' dir='ltr'><strong>nos,</strong></span> <span class='ocrx_word' id='word_1_896' title='bbox 1522 5033 1764 5077; x_wconf 75' lang='lat' dir='ltr'><strong>Hesterna</strong></span> <span class='ocrx_word' id='word_1_897' title='bbox 1784 5042 1842 5086; x_wconf 87' lang='grc' dir='ltr'><strong>Ω,</strong></span> <span class='ocrx_word' id='word_1_898' title='bbox 1876 5033 2109 5078; x_wconf 70' lang='lat' dir='ltr'><strong>Extrema</strong></span> <span class='ocrx_word' id='word_1_899' title='bbox 2138 5033 2309 5078; x_wconf 80' lang='lat' dir='ltr'><strong>Heius.</strong></span> <span class='ocrx_word' id='word_1_900' title='bbox 2372 5036 2486 5090; x_wconf 84' lang='lat' dir='ltr'><strong>post</strong></span> <span class='ocrx_word' id='word_1_901' title='bbox 2512 5033 2650 5077; x_wconf 80' lang='lat' dir='ltr'><strong>modo</strong></span> <span class='ocrx_word' id='word_1_902' title='bbox 2680 5033 2724 5077; x_wconf 93' lang='lat' dir='ltr'>O</span> <span class='ocrx_word' id='word_1_903' title='bbox 2745 5030 2867 5086; x_wconf 80' lang='lat' dir='ltr'><strong>(mea</strong></span> <span class='ocrx_word' id='word_1_904' title='bbox 2899 5029 2967 5086; x_wconf 90' lang='lat' dir='ltr'><strong>N)</strong></span> <span class='ocrx_word' id='word_1_905' title='bbox 2997 5031 3085 5075; x_wconf 79' lang='lat' dir='ltr'><strong>lux</strong></span> <span class='ocrx_word' id='word_1_906' title='bbox 3114 5029 3225 5075; x_wconf 88' lang='lat' dir='ltr'><strong>add.</strong></span> <span class='ocrx_word' id='word_1_907' title='bbox 3251 5030 3302 5073; x_wconf 91' lang='lat' dir='ltr'><strong>in</strong></span> <span class='ocrx_word' id='word_1_908' title='bbox 3324 5038 3366 5073; x_wconf 95' lang='grc' dir='ltr'><strong>Ω</strong></span> <span class='ocrx_word' id='word_1_909' title='bbox 3388 5042 3447 5073; x_wconf 85' lang='lat' dir='ltr'><strong>ex</strong></span> <span class='ocrx_word' id='word_1_910' title='bbox 3467 5028 3540 5073; x_wconf 88' lang='lat'><strong>28.</strong></span> <span class='ocrx_word' id='word_1_911' title='bbox 3566 5028 3639 5083; x_wconf 81' lang='lat'><strong>59,</strong></span> <span class='ocrx_word' id='word_1_912' title='bbox 3675 5028 3862 5074; x_wconf 65' lang='lat' dir='ltr'><strong>deleuit</strong></span> 
     </span>
    </p>
   </div>
   <div class='ocr_carea' id='block_1_25' title="bbox 647 5090 1274 5147">
    <p class='ocr_par' dir='ltr' id='par_1_29' title="bbox 647 5090 1274 5147">
     <span class='ocr_line' id='line_1_122' title="bbox 647 5090 1274 5147; baseline -0.003 -10"><span class='ocrx_word' id='word_1_913' title='bbox 647 5091 824 5137; x_wconf 84' lang='lat' dir='ltr'><strong>Baehr.</strong></span> <span class='ocrx_word' id='word_1_914' title='bbox 904 5095 1023 5147; x_wconf 80' lang='lat' dir='ltr'><strong>potu</strong></span> <span class='ocrx_word' id='word_1_915' title='bbox 1055 5090 1141 5136; x_wconf 70' lang='lat' dir='ltr'><strong>sub</strong></span> <span class='ocrx_word' id='word_1_916' title='bbox 1172 5105 1274 5146; x_wconf 82' lang='lat' dir='ltr'><strong>nos,</strong></span> 
     </span>
    </p>
   </div>
   <div class='ocr_carea' id='block_1_26' title="bbox 640 5086 3856 5265">
    <p class='ocr_par' dir='ltr' id='par_1_30' title="bbox 640 5086 3856 5265">
     <span class='ocr_line' id='line_1_123' title="bbox 1310 5086 3856 5147; baseline -0.001 -12"><span class='ocrx_word' id='word_1_917' title='bbox 1310 5096 1450 5146; x_wconf 70' lang='lat' dir='ltr'><strong>pocus</strong></span> <span class='ocrx_word' id='word_1_918' title='bbox 1480 5100 1539 5136; x_wconf 92' lang='grc' dir='ltr'><strong>Ω.</strong></span> <span class='ocrx_word' id='word_1_919' title='bbox 1622 5092 1651 5134; x_wconf 97' lang='grc'><strong>7</strong></span> <span class='ocrx_word' id='word_1_920' title='bbox 1687 5092 1768 5136; x_wconf 73' lang='lat' dir='ltr'><strong>sed</strong></span> <span class='ocrx_word' id='word_1_921' title='bbox 1797 5092 1926 5136; x_wconf 77' lang='lat' dir='ltr'><strong>nudi</strong></span> <span class='ocrx_word' id='word_1_922' title='bbox 1955 5091 2038 5147; x_wconf 83' lang='lat' dir='ltr'><strong>(sc.</strong></span> <span class='ocrx_word' id='word_1_923' title='bbox 2074 5091 2282 5136; x_wconf 84' lang='lat' dir='ltr'><strong>inermes</strong></span> <span class='ocrx_word' id='word_1_924' title='bbox 2315 5105 2424 5136; x_wconf 88' lang='lat' dir='ltr'><strong>cum</strong></span> <span class='ocrx_word' id='word_1_925' title='bbox 2458 5093 2509 5135; x_wconf 86' lang='lat' dir='ltr'><strong>et</strong></span> <span class='ocrx_word' id='word_1_926' title='bbox 2541 5091 2671 5136; x_wconf 80' lang='lat' dir='ltr'><strong>faces</strong></span> <span class='ocrx_word' id='word_1_927' title='bbox 2701 5094 2752 5135; x_wconf 85' lang='lat' dir='ltr'><strong>et</strong></span> <span class='ocrx_word' id='word_1_928' title='bbox 2782 5089 2991 5146; x_wconf 82' lang='lat' dir='ltr'><strong>sagittae</strong></span> <span class='ocrx_word' id='word_1_929' title='bbox 3020 5088 3122 5134; x_wconf 87' lang='lat' dir='ltr'><strong>tela</strong></span> <span class='ocrx_word' id='word_1_930' title='bbox 3150 5086 3271 5142; x_wconf 85' lang='lat' dir='ltr'><strong>sint)</strong></span> <span class='ocrx_word' id='word_1_931' title='bbox 3302 5088 3356 5133; x_wconf 75' lang='lat' dir='ltr'><strong>hi</strong></span> <span class='ocrx_word' id='word_1_932' title='bbox 3385 5101 3487 5142; x_wconf 84' lang='lat' dir='ltr'><strong>nos,</strong></span> <span class='ocrx_word' id='word_1_933' title='bbox 3524 5088 3605 5132; x_wconf 76' lang='lat' dir='ltr'><strong>sed</strong></span> <span class='ocrx_word' id='word_1_934' title='bbox 3634 5088 3763 5132; x_wconf 76' lang='lat' dir='ltr'><strong>nudi</strong></span> <span class='ocrx_word' id='word_1_935' title='bbox 3798 5097 3856 5133; x_wconf 91' lang='grc' dir='ltr'><strong>Ω.</strong></span> 
     </span>
     <span class='ocr_line' id='line_1_124' title="bbox 640 5148 3106 5208; baseline -0.002 -12"><span class='ocrx_word' id='word_1_936' title='bbox 640 5151 850 5208; x_wconf 73' lang='lat' dir='ltr'><strong>suerunt</strong></span> <span class='ocrx_word' id='word_1_937' title='bbox 871 5149 1041 5194; x_wconf 85' lang='lat' dir='ltr'><strong>Heius.</strong></span> <span class='ocrx_word' id='word_1_938' title='bbox 1106 5150 1135 5192; x_wconf 90' lang='grc'>9</span> <span class='ocrx_word' id='word_1_939' title='bbox 1155 5153 1347 5194; x_wconf 76' lang='lat' dir='ltr'><strong>notauit</strong></span> <span class='ocrx_word' id='word_1_940' title='bbox 1365 5149 1417 5195; x_wconf 86' lang='lat' dir='ltr'><strong>O.</strong></span> <span class='ocrx_word' id='word_1_941' title='bbox 1440 5149 1493 5195; x_wconf 87' lang='lat' dir='ltr'><strong>F.</strong></span> <span class='ocrx_word' id='word_1_942' title='bbox 1515 5149 1593 5194; x_wconf 84' lang='lat' dir='ltr'><strong>W.</strong></span> <span class='ocrx_word' id='word_1_943' title='bbox 1617 5149 1836 5196; x_wconf 85' lang='lat' dir='ltr'><strong>Mueller.</strong></span> <span class='ocrx_word' id='word_1_944' title='bbox 1902 5150 1960 5193; x_wconf 85' lang='lat'><strong>10</strong></span> <span class='ocrx_word' id='word_1_945' title='bbox 1980 5151 2175 5196; x_wconf 75' lang='lat' dir='ltr'><strong>dixerat</strong></span> <span class='ocrx_word' id='word_1_946' title='bbox 2190 5160 2243 5196; x_wconf 98' lang='lat' dir='ltr'><strong>A.</strong></span> <span class='ocrx_word' id='word_1_947' title='bbox 2308 5151 2366 5193; x_wconf 86' lang='lat' dir='ltr'><strong>u</strong></span> <span class='ocrx_word' id='word_1_948' title='bbox 2387 5155 2439 5195; x_wconf 73' lang='lat' dir='ltr'><strong>at</strong></span> <span class='ocrx_word' id='word_1_949' title='bbox 2460 5151 2523 5205; x_wconf 85' lang='lat' dir='ltr'><strong>N,</strong></span> <span class='ocrx_word' id='word_1_950' title='bbox 2541 5155 2583 5195; x_wconf 71' lang='lat' dir='ltr'><strong>et</strong></span> <span class='ocrx_word' id='word_1_951' title='bbox 2600 5150 2658 5196; x_wconf 93' lang='lat' dir='ltr'><strong>O.</strong></span> <span class='ocrx_word' id='word_1_952' title='bbox 2723 5149 2784 5192; x_wconf 89' lang='grc'><strong>14</strong></span> <span class='ocrx_word' id='word_1_953' title='bbox 2793 5148 2923 5205; x_wconf 73' lang='lat' dir='ltr'><strong>soris</strong></span> <span class='ocrx_word' id='word_1_954' title='bbox 2938 5149 3106 5193; x_wconf 86' lang='lat' dir='ltr'><strong>Dousa</strong></span> 
     </span>
     <span class='ocr_line' id='line_1_125' title="bbox 645 5207 3048 5265; baseline -0.002 -11"><span class='ocrx_word' id='word_1_955' title='bbox 645 5211 830 5254; x_wconf 71' lang='lat' dir='ltr'><strong>am&#39;ctu</strong></span> <span class='ocrx_word' id='word_1_956' title='bbox 852 5217 911 5262; x_wconf 89' lang='grc' dir='ltr'><strong>Ω,</strong></span> <span class='ocrx_word' id='word_1_957' title='bbox 937 5222 1054 5253; x_wconf 88' lang='lat' dir='ltr'><strong>corr.</strong></span> <span class='ocrx_word' id='word_1_958' title='bbox 1081 5207 1161 5253; x_wconf 81' lang='lat' dir='ltr'><strong>W.</strong></span> <span class='ocrx_word' id='word_1_959' title='bbox 1188 5208 1398 5254; x_wconf 80' lang='lat' dir='ltr'><strong>Fischer.</strong></span> <span class='ocrx_word' id='word_1_960' title='bbox 1464 5210 1524 5252; x_wconf 86' lang='grc'><strong>24</strong></span> <span class='ocrx_word' id='word_1_961' title='bbox 1552 5213 1605 5254; x_wconf 64' lang='grc' dir='ltr'>αι</span> <span class='ocrx_word' id='word_1_962' title='bbox 1625 5218 1683 5255; x_wconf 93' lang='grc' dir='ltr'><strong>Ω.</strong></span> <span class='ocrx_word' id='word_1_963' title='bbox 1749 5210 1807 5252; x_wconf 88' lang='grc'><strong>27</strong></span> <span class='ocrx_word' id='word_1_964' title='bbox 1839 5211 2051 5254; x_wconf 76' lang='lat' dir='ltr'><strong>intactae</strong></span> <span class='ocrx_word' id='word_1_965' title='bbox 2071 5223 2172 5265; x_wconf 85' lang='lat' dir='ltr'><strong>nos,</strong></span> <span class='ocrx_word' id='word_1_966' title='bbox 2197 5210 2311 5255; x_wconf 78' lang='lat' dir='ltr'><strong>hinc</strong></span> <span class='ocrx_word' id='word_1_967' title='bbox 2332 5213 2491 5254; x_wconf 66' lang='lat' dir='ltr'><strong>castae</strong></span> <span class='ocrx_word' id='word_1_968' title='bbox 2512 5218 2569 5254; x_wconf 92' lang='grc' dir='ltr'><strong>Ω.</strong></span> <span class='ocrx_word' id='word_1_969' title='bbox 2614 5208 2854 5253; x_wconf 76' lang='lat' dir='ltr'><strong>narrabat</strong></span> <span class='ocrx_word' id='word_1_970' title='bbox 2876 5217 2923 5252; x_wconf 77' lang='grc' dir='ltr'><strong>Φ.</strong></span> <span class='ocrx_word' id='word_1_971' title='bbox 2988 5207 3048 5249; x_wconf 90' lang='grc'><strong>29</strong></span> 
     </span>
    </p>
   </div>
   <div class='ocr_carea' id='block_1_27' title="bbox 3143 5146 3856 5262">
    <p class='ocr_par' dir='ltr' id='par_1_31' title="bbox 3143 5146 3856 5262">
     <span class='ocr_line' id='line_1_126' title="bbox 3189 5146 3855 5193; baseline 0 -1"><span class='ocrx_word' id='word_1_972' title='bbox 3189 5150 3279 5192; x_wconf 88' lang='lat' dir='ltr'><strong>ter.</strong></span> <span class='ocrx_word' id='word_1_973' title='bbox 3343 5146 3402 5189; x_wconf 88' lang='grc'><strong>21</strong></span> <span class='ocrx_word' id='word_1_974' title='bbox 3421 5147 3537 5193; x_wconf 76' lang='lat' dir='ltr'><strong>lecto</strong></span> <span class='ocrx_word' id='word_1_975' title='bbox 3556 5146 3725 5191; x_wconf 74' lang='lat' dir='ltr'><strong>duxer.</strong></span> <span class='ocrx_word' id='word_1_976' title='bbox 3749 5160 3855 5192; x_wconf 79' lang='lat' dir='ltr'><strong>rur.</strong></span> 
     </span>
     <span class='ocr_line' id='line_1_127' title="bbox 3143 5204 3856 5262; baseline 0.001 -12"><span class='ocrx_word' id='word_1_977' title='bbox 3143 5208 3184 5250; x_wconf 73' lang='lat' dir='ltr'><strong>is</strong></span> <span class='ocrx_word' id='word_1_978' title='bbox 3200 5215 3257 5260; x_wconf 90' lang='grc' dir='ltr'><strong>Ω,</strong></span> <span class='ocrx_word' id='word_1_979' title='bbox 3283 5206 3445 5262; x_wconf 68' lang='lat' dir='ltr'><strong>qualis</strong></span> <span class='ocrx_word' id='word_1_980' title='bbox 3465 5204 3856 5260; x_wconf 66' lang='lat' dir='ltr'><strong>Broukhmsius).</strong></span> 
     </span>
    </p>
   </div>
   <div class='ocr_carea' id='block_1_28' title="bbox 646 5264 3862 5441">
    <p class='ocr_par' dir='ltr' id='par_1_32' title="bbox 646 5264 3862 5441">
     <span class='ocr_line' id='line_1_128' title="bbox 646 5264 3854 5325; baseline -0.001 -11"><span class='ocrx_word' id='word_1_981' title='bbox 646 5269 857 5314; x_wconf 70' lang='lat' dir='ltr'><strong>«imissa</strong></span> <span class='ocrx_word' id='word_1_982' title='bbox 887 5276 942 5311; x_wconf 89' lang='grc' dir='ltr'><strong>Ω.</strong></span> <span class='ocrx_word' id='word_1_983' title='bbox 1011 5267 1070 5310; x_wconf 87' lang='grc'><strong>30</strong></span> <span class='ocrx_word' id='word_1_984' title='bbox 1099 5281 1158 5312; x_wconf 79' lang='lat' dir='ltr'><strong>en</strong></span> <span class='ocrx_word' id='word_1_985' title='bbox 1188 5266 1375 5322; x_wconf 85' lang='lat' dir='ltr'><strong>MuelL,</strong></span> <span class='ocrx_word' id='word_1_986' title='bbox 1410 5267 1502 5313; x_wconf 80' lang='lat' dir='ltr'><strong>heu</strong></span> <span class='ocrx_word' id='word_1_987' title='bbox 1530 5277 1588 5314; x_wconf 95' lang='grc' dir='ltr'><strong>Ω.</strong></span> <span class='ocrx_word' id='word_1_988' title='bbox 1654 5268 1712 5311; x_wconf 91' lang='grc'><strong>31</strong></span> <span class='ocrx_word' id='word_1_989' title='bbox 1742 5269 1871 5325; x_wconf 79' lang='lat' dir='ltr'><strong>quod</strong></span> <span class='ocrx_word' id='word_1_990' title='bbox 1902 5277 1935 5312; x_wconf 79' lang='grc' dir='ltr'><strong>Φ</strong></span> <span class='ocrx_word' id='word_1_991' title='bbox 1956 5268 2018 5323; x_wconf 91' lang='lat' dir='ltr'><strong>N,</strong></span> <span class='ocrx_word' id='word_1_992' title='bbox 2054 5281 2148 5324; x_wconf 79' lang='lat' dir='ltr'><strong>quo</strong></span> <span class='ocrx_word' id='word_1_993' title='bbox 2178 5285 2224 5314; x_wconf 67' lang='grc' dir='ltr'><strong>τ.</strong></span> <span class='ocrx_word' id='word_1_994' title='bbox 2290 5269 2348 5311; x_wconf 83' lang='grc'><strong>36</strong></span> <span class='ocrx_word' id='word_1_995' title='bbox 2379 5269 2650 5312; x_wconf 46' lang='lat' dir='ltr'><strong>uolutanti}</strong></span> <span class='ocrx_word' id='word_1_996' title='bbox 2677 5267 2716 5312; x_wconf 87' lang='lat' dir='ltr'>L</span> <span class='ocrx_word' id='word_1_997' title='bbox 2736 5266 2772 5320; x_wconf 81' lang='lat' dir='ltr'><strong>f,</strong></span> <span class='ocrx_word' id='word_1_998' title='bbox 2808 5266 3076 5310; x_wconf 71' lang='lat' dir='ltr'><strong>uoluntatis</strong></span> <span class='ocrx_word' id='word_1_999' title='bbox 3108 5264 3146 5310; x_wconf 92' lang='lat' dir='ltr'><strong>F</strong></span> <span class='ocrx_word' id='word_1_1000' title='bbox 3168 5264 3230 5319; x_wconf 92' lang='lat' dir='ltr'><strong>N,</strong></span> <span class='ocrx_word' id='word_1_1001' title='bbox 3266 5265 3534 5320; x_wconf 73' lang='lat' dir='ltr'><strong>uoluptatis</strong></span> <span class='ocrx_word' id='word_1_1002' title='bbox 3567 5274 3620 5309; x_wconf 93' lang='lat' dir='ltr'><strong>A.</strong></span> <span class='ocrx_word' id='word_1_1003' title='bbox 3665 5277 3766 5308; x_wconf 78' lang='lat' dir='ltr'><strong>mn</strong></span> <span class='ocrx_word' id='word_1_1004' title='bbox 3795 5264 3854 5310; x_wconf 94' lang='lat' dir='ltr'><strong>O.</strong></span> 
     </span>
     <span class='ocr_line' id='line_1_129' title="bbox 647 5322 3862 5384; baseline -0.001 -14"><span class='ocrx_word' id='word_1_1005' title='bbox 647 5328 706 5370; x_wconf 85' lang='grc'><strong>38</strong></span> <span class='ocrx_word' id='word_1_1006' title='bbox 745 5330 901 5371; x_wconf 69' lang='lat' dir='ltr'><strong>motus</strong></span> <span class='ocrx_word' id='word_1_1007' title='bbox 932 5325 1195 5381; x_wconf 86' lang='lat' dir='ltr'><strong>Marcilius,</strong></span> <span class='ocrx_word' id='word_1_1008' title='bbox 1230 5331 1372 5372; x_wconf 72' lang='lat' dir='ltr'><strong>notus</strong></span> <span class='ocrx_word' id='word_1_1009' title='bbox 1402 5336 1460 5380; x_wconf 92' lang='grc' dir='ltr'><strong>Ω,</strong></span> <span class='ocrx_word' id='word_1_1010' title='bbox 1495 5332 1642 5372; x_wconf 71' lang='lat' dir='ltr'><strong>natus</strong></span> <span class='ocrx_word' id='word_1_1011' title='bbox 1675 5327 1843 5372; x_wconf 87' lang='lat' dir='ltr'><strong>Dousa</strong></span> <span class='ocrx_word' id='word_1_1012' title='bbox 1876 5329 2029 5384; x_wconf 80' lang='lat' dir='ltr'><strong>pater.</strong></span> <span class='ocrx_word' id='word_1_1013' title='bbox 2114 5327 2172 5369; x_wconf 88' lang='grc'><strong>39</strong></span> <span class='ocrx_word' id='word_1_1014' title='bbox 2211 5327 2386 5371; x_wconf 62' lang='grc' dir='ltr'>(ἰαίνει</span> <span class='ocrx_word' id='word_1_1015' title='bbox 2420 5343 2468 5381; x_wconf 67' lang='grc' dir='ltr'><strong>τ,</strong></span> <span class='ocrx_word' id='word_1_1016' title='bbox 2509 5331 2675 5371; x_wconf 74' lang='lat' dir='ltr'><strong>nostra</strong></span> <span class='ocrx_word' id='word_1_1017' title='bbox 2706 5335 2738 5369; x_wconf 79' lang='grc' dir='ltr'>Φ</span> <span class='ocrx_word' id='word_1_1018' title='bbox 2759 5326 2806 5370; x_wconf 94' lang='lat' dir='ltr'>D</span> <span class='ocrx_word' id='word_1_1019' title='bbox 2830 5325 2892 5377; x_wconf 82' lang='lat' dir='ltr'><strong>N,</strong></span> <span class='ocrx_word' id='word_1_1020' title='bbox 2928 5339 3022 5370; x_wconf 90' lang='lat' dir='ltr'><strong>om.</strong></span> <span class='ocrx_word' id='word_1_1021' title='bbox 3056 5324 3137 5369; x_wconf 78' lang='lat' dir='ltr'><strong>Vl.</strong></span> <span class='ocrx_word' id='word_1_1022' title='bbox 3222 5324 3282 5366; x_wconf 86' lang='grc'><strong>40</strong></span> <span class='ocrx_word' id='word_1_1023' title='bbox 3321 5324 3437 5368; x_wconf 69' lang='lat' dir='ltr'><strong>laza</strong></span> <span class='ocrx_word' id='word_1_1024' title='bbox 3473 5322 3496 5367; x_wconf 81' lang='lat' dir='ltr'>f</span> <span class='ocrx_word' id='word_1_1025' title='bbox 3525 5335 3619 5378; x_wconf 83' lang='lat' dir='ltr'><strong>mg.</strong></span> <span class='ocrx_word' id='word_1_1026' title='bbox 3655 5336 3700 5377; x_wconf 81' lang='lat' dir='ltr'><strong>v,</strong></span> <span class='ocrx_word' id='word_1_1027' title='bbox 3739 5335 3862 5367; x_wconf 73' lang='lat' dir='ltr'><strong>saxa</strong></span> 
     </span>
     <span class='ocr_line' id='line_1_130' title="bbox 648 5381 3856 5441; baseline -0.002 -10"><span class='ocrx_word' id='word_1_1028' title='bbox 648 5395 706 5431; x_wconf 92' lang='grc' dir='ltr'><strong>Ω.</strong></span> <span class='ocrx_word' id='word_1_1029' title='bbox 789 5385 851 5427; x_wconf 85' lang='grc'><strong>41</strong></span> <span class='ocrx_word' id='word_1_1030' title='bbox 890 5389 1047 5430; x_wconf 72' lang='lat' dir='ltr'><strong>custos</strong></span> <span class='ocrx_word' id='word_1_1031' title='bbox 1076 5394 1131 5441; x_wconf 94' lang='lat' dir='ltr'><strong>A,</strong></span> <span class='ocrx_word' id='word_1_1032' title='bbox 1164 5386 1355 5430; x_wconf 72' lang='lat' dir='ltr'><strong>custode</strong></span> <span class='ocrx_word' id='word_1_1033' title='bbox 1387 5385 1426 5430; x_wconf 88' lang='lat' dir='ltr'>L</span> <span class='ocrx_word' id='word_1_1034' title='bbox 1446 5386 1508 5440; x_wconf 88' lang='lat' dir='ltr'><strong>N,</strong></span> <span class='ocrx_word' id='word_1_1035' title='bbox 1545 5387 1758 5431; x_wconf 70' lang='lat' dir='ltr'><strong>custodis</strong></span> <span class='ocrx_word' id='word_1_1036' title='bbox 1788 5386 1841 5431; x_wconf 90' lang='lat' dir='ltr'><strong>F.</strong></span> <span class='ocrx_word' id='word_1_1037' title='bbox 1887 5385 2091 5430; x_wconf 79' lang='lat' dir='ltr'><strong>deludor</strong></span> <span class='ocrx_word' id='word_1_1038' title='bbox 2118 5384 2233 5430; x_wconf 89' lang='lat' dir='ltr'><strong>olim</strong></span> <span class='ocrx_word' id='word_1_1039' title='bbox 2266 5384 2420 5431; x_wconf 85' lang='lat' dir='ltr'><strong>Palm.</strong></span> <span class='ocrx_word' id='word_1_1040' title='bbox 2460 5384 2546 5430; x_wconf 83' lang='lat' dir='ltr'><strong>sed</strong></span> <span class='ocrx_word' id='word_1_1041' title='bbox 2576 5385 2627 5429; x_wconf 92' lang='lat' dir='ltr'><strong>in</strong></span> <span class='ocrx_word' id='word_1_1042' title='bbox 2657 5383 2816 5430; x_wconf 85' lang='lat' dir='ltr'><strong>aliena</strong></span> <span class='ocrx_word' id='word_1_1043' title='bbox 2845 5383 3087 5437; x_wconf 81' lang='lat' dir='ltr'><strong>aberrans,</strong></span> <span class='ocrx_word' id='word_1_1044' title='bbox 3123 5382 3292 5427; x_wconf 74' lang='lat' dir='ltr'><strong>cludov-</strong></span> <span class='ocrx_word' id='word_1_1045' title='bbox 3325 5382 3512 5436; x_wconf 87' lang='lat' dir='ltr'><strong>Burm.,</strong></span> <span class='ocrx_word' id='word_1_1046' title='bbox 3552 5381 3776 5426; x_wconf 79' lang='lat' dir='ltr'><strong>recludor</strong></span> <span class='ocrx_word' id='word_1_1047' title='bbox 3802 5390 3856 5437; x_wconf 91' lang='lat' dir='ltr'><strong>A,</strong></span> 
     </span>
    </p>
   </div>
   <div class='ocr_carea' id='block_1_29' title="bbox 645 5443 2021 5515">
    <p class='ocr_par' dir='ltr' id='par_1_33' title="bbox 645 5443 2021 5515">
     <span class='ocr_line' id='line_1_131' title="bbox 645 5443 2021 5515; baseline -0.001 -25"><span class='ocrx_word' id='word_1_1048' title='bbox 645 5443 847 5515; x_wconf 54' lang='lat' dir='ltr'><strong>fcludor</strong></span> <span class='ocrx_word' id='word_1_1049' title='bbox 882 5443 944 5498; x_wconf 92' lang='lat' dir='ltr'><strong>N,</strong></span> <span class='ocrx_word' id='word_1_1050' title='bbox 986 5448 1142 5488; x_wconf 76' lang='lat' dir='ltr'><strong>rector</strong></span> <span class='ocrx_word' id='word_1_1051' title='bbox 1176 5453 1224 5500; x_wconf 79' lang='grc' dir='ltr'><strong>Φ,</strong></span> <span class='ocrx_word' id='word_1_1052' title='bbox 1260 5444 1375 5489; x_wconf 79' lang='lat' dir='ltr'><strong>fort.</strong></span> <span class='ocrx_word' id='word_1_1053' title='bbox 1420 5445 1660 5490; x_wconf 76' lang='lat' dir='ltr'><strong>retrudor.</strong></span> <span class='ocrx_word' id='word_1_1054' title='bbox 1743 5446 1804 5487; x_wconf 95' lang='grc'><strong>42</strong></span> <span class='ocrx_word' id='word_1_1055' title='bbox 1833 5458 1930 5489; x_wconf 80' lang='lat' dir='ltr'><strong>non</strong></span> <span class='ocrx_word' id='word_1_1056' title='bbox 1963 5453 2021 5489; x_wconf 90' lang='grc' dir='ltr'><strong>Ω.</strong></span> 
     </span>
    </p>
   </div>
   <div class='ocr_carea' id='block_1_30' title="bbox 2165 5439 3862 5500">
    <p class='ocr_par' dir='ltr' id='par_1_34' title="bbox 2165 5439 3862 5500">
     <span class='ocr_line' id='line_1_132' title="bbox 2165 5439 3862 5500; baseline -0.002 -13"><span class='ocrx_word' id='word_1_1057' title='bbox 2165 5442 2298 5487; x_wconf 75' lang='lat' dir='ltr'><strong>XXX</strong></span> <span class='ocrx_word' id='word_1_1058' title='bbox 2331 5444 2589 5488; x_wconf 83' lang='lat' dir='ltr'><strong>continuat</strong></span> <span class='ocrx_word' id='word_1_1059' title='bbox 2628 5442 2778 5500; x_wconf 88' lang='lat' dir='ltr'><strong>priori</strong></span> <span class='ocrx_word' id='word_1_1060' title='bbox 2813 5442 2871 5488; x_wconf 91' lang='lat' dir='ltr'><strong>O.</strong></span> <span class='ocrx_word' id='word_1_1061' title='bbox 2948 5443 2977 5484; x_wconf 93' lang='grc'><strong>2</strong></span> <span class='ocrx_word' id='word_1_1062' title='bbox 3009 5446 3197 5487; x_wconf 63' lang='lat' dir='ltr'><strong>tantam</strong></span> <span class='ocrx_word' id='word_1_1063' title='bbox 3232 5451 3264 5485; x_wconf 77' lang='grc' dir='ltr'>Φ</span> <span class='ocrx_word' id='word_1_1064' title='bbox 3285 5441 3347 5485; x_wconf 92' lang='lat' dir='ltr'><strong>D.</strong></span> <span class='ocrx_word' id='word_1_1065' title='bbox 3429 5440 3472 5495; x_wconf 86' lang='grc'><strong>8,</strong></span> <span class='ocrx_word' id='word_1_1066' title='bbox 3510 5440 3539 5482; x_wconf 90' lang='grc'>9</span> <span class='ocrx_word' id='word_1_1067' title='bbox 3569 5439 3683 5484; x_wconf 80' lang='lat' dir='ltr'><strong>fort.</strong></span> <span class='ocrx_word' id='word_1_1068' title='bbox 3719 5440 3862 5484; x_wconf 73' lang='lat' dir='ltr'><strong>ille—</strong></span> 
     </span>
    </p>
   </div>
   <div class='ocr_carea' id='block_1_31' title="bbox 646 5497 3856 5562">
    <p class='ocr_par' dir='ltr' id='par_1_35' title="bbox 646 5497 3856 5562">
     <span class='ocr_line' id='line_1_133' title="bbox 646 5497 3856 5562; baseline -0.001 -14"><span class='ocrx_word' id='word_1_1069' title='bbox 646 5516 762 5560; x_wconf 66' lang='lat' dir='ltr'><strong>tpoe.</strong></span> <span class='ocrx_word' id='word_1_1070' title='bbox 840 5502 898 5545; x_wconf 87' lang='lat'><strong>11</strong></span> <span class='ocrx_word' id='word_1_1071' title='bbox 933 5507 986 5548; x_wconf 80' lang='lat' dir='ltr'><strong>at</strong></span> <span class='ocrx_word' id='word_1_1072' title='bbox 1025 5502 1075 5548; x_wconf 87' lang='lat' dir='ltr'><strong>J.</strong></span> <span class='ocrx_word' id='word_1_1073' title='bbox 1116 5502 1181 5548; x_wconf 87' lang='grc' dir='ltr'><strong>Η.</strong></span> <span class='ocrx_word' id='word_1_1074' title='bbox 1220 5501 1362 5549; x_wconf 76' lang='lat' dir='ltr'><strong>Voss.</strong></span> <span class='ocrx_word' id='word_1_1075' title='bbox 1442 5504 1589 5547; x_wconf 87' lang='grc'><strong>13-18</strong></span> <span class='ocrx_word' id='word_1_1076' title='bbox 1629 5503 1875 5562; x_wconf 80' lang='lat' dir='ltr'><strong>separauit</strong></span> <span class='ocrx_word' id='word_1_1077' title='bbox 1916 5502 2213 5550; x_wconf 84' lang='lat' dir='ltr'><strong>Heimreich.</strong></span> <span class='ocrx_word' id='word_1_1078' title='bbox 2287 5503 2347 5546; x_wconf 77' lang='grc'><strong>13</strong></span> <span class='ocrx_word' id='word_1_1079' title='bbox 2385 5507 2656 5549; x_wconf 77' lang='lat' dir='ltr'><strong>onerantur</strong></span> <span class='ocrx_word' id='word_1_1080' title='bbox 2689 5511 2747 5548; x_wconf 88' lang='grc' dir='ltr'><strong>Ω.</strong></span> <span class='ocrx_word' id='word_1_1081' title='bbox 2822 5502 2880 5546; x_wconf 83' lang='grc'><strong>17</strong></span> <span class='ocrx_word' id='word_1_1082' title='bbox 2918 5501 3184 5547; x_wconf 72' lang='lat' dir='ltr'><strong>menandri</strong></span> <span class='ocrx_word' id='word_1_1083' title='bbox 3223 5500 3267 5546; x_wconf 94' lang='lat' dir='ltr'>O</span> <span class='ocrx_word' id='word_1_1084' title='bbox 3288 5498 3370 5546; x_wconf 73' lang='lat' dir='ltr'><strong>Nl.</strong></span> <span class='ocrx_word' id='word_1_1085' title='bbox 3445 5498 3505 5541; x_wconf 86' lang='grc'><strong>18</strong></span> <span class='ocrx_word' id='word_1_1086' title='bbox 3536 5497 3762 5556; x_wconf 74' lang='lat' dir='ltr'><strong>pallidus</strong></span> <span class='ocrx_word' id='word_1_1087' title='bbox 3797 5497 3856 5545; x_wconf 93' lang='grc' dir='ltr'><strong>Ο.</strong></span> 
     </span>
    </p>
   </div>
   <div class='ocr_carea' id='block_1_32' title="bbox 648 5560 922 5608">
    <p class='ocr_par' dir='ltr' id='par_1_36' title="bbox 648 5560 922 5608">
     <span class='ocr_line' id='line_1_134' title="bbox 648 5560 922 5608; baseline -0.004 0"><span class='ocrx_word' id='word_1_1088' title='bbox 648 5563 795 5608; x_wconf 75' lang='lat' dir='ltr'><strong>timor</strong></span> <span class='ocrx_word' id='word_1_1089' title='bbox 814 5570 850 5606; x_wconf 96' lang='lat' dir='ltr'><strong>A</strong></span> <span class='ocrx_word' id='word_1_1090' title='bbox 868 5560 922 5607; x_wconf 87' lang='lat' dir='ltr'><strong>F.</strong></span> 
     </span>
    </p>
   </div>
  </div>
 </body>
</html>
