4890 6561
1654 507 1823 562 SEX.
1871 508 2262 561 PROPERTI
2302 508 2447 560 LIB.
2498 509 2592 563 IV
2636 508 2736 574 [V]
3758 514 3823 562 43

595 693 706 745 qua
727 692 879 729 sacer
900 674 1171 742 abripitur
1192 689 1353 728 caeco
1374 674 1665 728 descensus
1686 674 1845 728 hiatu
2132 688 2159 743 5
2262 692 2297 729 a
2362 692 2430 728 ue
2454 676 2548 728 ubi
2571 677 2684 728 iam
2707 676 2907 728 nostris
2929 675 3163 727 lassauit
3184 674 3438 727 bracchia
3459 674 3652 741 plagis,

658 747 821 809 (quae
844 746 1097 809 penetras
1121 741 1275 808 uirgo
1297 739 1411 793 tale
1433 741 1557 801 iter,
1578 756 1737 793 omne
1759 747 1933 805 caue),
2373 741 2643 808 ygdamus
2667 741 2737 792 ad
2760 741 2936 808 plutei
2959 741 3135 792 fulcra
3156 740 3380 792 sinistra
3403 741 3584 793 latens

595 807 768 860 ieiuni
788 807 1056 873 serpentis
1078 806 1250 857 honos
1271 822 1396 858 cum
1420 804 1622 871 pabula
1643 807 1819 873 poscit
2261 806 2488 868 eruitur,
2515 807 2844 873 geniumque
2866 822 3048 858 meum
3071 811 3375 871 protractus
3397 805 3607 857 adorat.

659 888 848 923 annua
868 878 926 923 et
949 888 1017 923 ex
1040 871 1154 923 ima
1175 870 1339 922 sibila
1360 876 1581 936 torquet
1603 870 1785 923 humo,
2326 872 2624 938 Lygdame,
2651 871 2729 923 nil
2755 871 2910 949 potui
2932 892 2944 923 :
2979 877 3163 922 tecum
3187 886 3287 936 ego
3303 875 3496 936 captus
3518 886 3683 922 eram.
3757 883 3823 934 70

594 936 690 990 ille
711 937 816 988 sibi
838 936 1090 988 admotas
1112 952 1147 988 a
1167 936 1382 1002 uirgine
1403 935 1624 1001 corripit
1646 952 1797 988 escas
1818 957 1830 989 ε
2102 952 2119 987 1
2134 951 2152 987 1
2259 933 2594 1002 supplicibus
2616 936 2811 1003 palmis
2833 940 2953 988 tum
2976 936 3195 987 demum
3218 935 3290 987 ad
3313 935 3532 987 foedera
3554 936 3698 997 ueni,

658 1002 746 1053 uir
787 1002 890 1053 ‘uis
913 1002 970 1053 in
994 1000 1190 1068 palmis
1212 1000 1333 1066 ipsa
1353 1000 1594 1052 canistra
1617 1003 1877 1054 tremunt.
2100 1016 2158 1053 12
2324 1002 2413 1052 cui
2435 1002 2532 1052 uix
2557 1001 2859 1068 tangendos
2883 1000 3134 1067 praebuit
3155 1000 3254 1051 illa
3275 1000 3456 1066 pedes,

594 1067 735 1120 talia
793 1067 1024 1118 emissae
1047 1065 1259 1132 pallent
1280 1064 1351 1116 ad
1374 1081 1531 1117 sacra
1553 1065 1785 1131 puellae,
2126 1081 2158 1130 9
2259 1070 2429 1133 atque
2452 1067 2532 1117 ait
2559 1071 2574 1095 ‘
2592 1066 2863 1118 admissae
2884 1066 2932 1117 si
2954 1065 3041 1117 uis
3064 1081 3151 1116 me
3172 1065 3191 1116 i
3267 1081 3447 1116 escere
3470 1064 3683 1132 culpae,

618 1138 621 1139 ’
657 1149 783 1183 cum
805 1137 1013 1183 temere
1034 1131 1274 1197 anguino
1296 1130 1536 1182 creditur
1558 1146 1648 1183 ore
1672 1147 1880 1182 manus.
2100 1147 2160 1183 10
2324 1130 2524 1196 accipe,
2589 1147 2694 1183 uae
2715 1137 2934 1183 nostrae
2956 1130 3193 1182 formula
3235 1130 3349 1196 egis
3371 1129 3491 1182 erit.

593 1196 642 1248 si
665 1196 872 1248 fuerint
894 1200 1094 1258 castae,
1121 1195 1355 1247 redeunt
1376 1195 1435 1246 in
1457 1194 1599 1247 colla
1621 1201 1925 1261 parentum,
2101 1211 2158 1261 13
2260 1200 2325 1247 tu
2348 1212 2525 1262 neque
2595 1196 2810 1261 ompeia
2830 1196 3137 1261 spatiabere
3160 1194 3342 1246 cultus
3365 1195 3422 1245 in
3445 1194 3656 1255 umbra,
3759 1205 3819 1258 75

658 1262 1010 1327 clamantque
1031 1259 1300 1337 agricolae
1328 1259 1558 1312 ‘fertilis
1580 1276 1757 1312 annus
1780 1260 1919 1312 erit.’
2326 1277 2424 1311 uec
2449 1278 2573 1312 cum
2596 1259 2864 1311 lasciuum
2887 1264 3097 1312 sternet
3119 1259 3325 1311 harena
3346 1260 3540 1311 forum.

595 1326 703 1378 huc
725 1342 847 1378 mea
869 1326 1110 1377 detonsis
1132 1331 1331 1377 auecta
1350 1330 1435 1376 est
1459 1324 1701 1391 Cynthia
1723 1325 1937 1377 mannis
1959 1345 1972 1377 ε
2103 1339 2157 1391 15
2258 1325 2399 1376 colla
2421 1341 2556 1377 caue
2577 1325 2824 1377 inflectas
2846 1325 2918 1377 ad
2939 1341 3212 1376 summum
3234 1324 3458 1391 obliqua
3480 1324 3758 1375 theatrum

658 1407 827 1443 causa
848 1391 958 1443 fuit
984 1391 1137 1452 Iuno,
1165 1390 1260 1441 sed
1286 1405 1442 1456 mage
1463 1405 1630 1441 causa
1653 1389 1856 1442 Venus.
2324 1396 2427 1441 aut
2450 1390 2643 1442 lectica
2664 1395 2795 1442 tuae
2818 1406 2876 1441 se
2898 1390 2994 1442 det
3016 1395 3207 1466 aperta
3230 1406 3425 1441 morae.

595 1455 778 1523 Appia
801 1456 905 1516 dic,
932 1471 1153 1521 quaes0,
1178 1461 1449 1521 quantum
1472 1459 1531 1507 te
1553 1460 1696 1506 teste
1717 1454 2055 1521 triumphum
2261 1454 2577 1521 Lygdamus
2599 1456 2657 1507 in
2681 1455 2885 1521 primis,
2911 1471 3087 1506 omms
3109 1454 3244 1505 mihi
3264 1470 3431 1505 causa
3451 1452 3687 1520 querele,

661 1523 834 1587 egerit
856 1521 1041 1572 effusis
1066 1536 1159 1586 per
1180 1524 1283 1571 tua
1303 1536 1440 1571 saxa
1461 1520 1612 1571 rotis.
2328 1524 2526 1571 ueneat
2549 1523 2605 1572 et
2627 1520 2856 1586 pedibus
2879 1519 3101 1572 uincula
3122 1519 3254 1570 bina
3274 1519 3500 1571 trahat.’
3760 1519 3827 1569 80

594 1587 929 1653 spectaclum
940 1585 1072 1663 ‚ipsa
1093 1584 1286 1636 sedens
1310 1585 1482 1651 primo
1505 1588 1722 1636 temone
1744 1585 2020 1652 pependit,
2098 1599 2154 1636 21
2262 1584 2468 1661 indixit
2489 1586 2664 1661 legem
2688 1585 2990 1662 :respondi
3011 1601 3112 1650 ego
3139 1589 3152 1611 ‘
3172 1583 3384 1700 legibus
3405 1584 3570 1636 utar!

597 1649 1789 1791 &ngagssxmonpmozgffiingamogffiegffiis
2262 1649 3544 1792 deffissgmtgffirqggolcotczguggssssnaztgetigere
3567 1711 3799 1779 puellae,

661 1797 696 1831 a
761 1797 829 1832 ue
853 1779 1153 1831 armillatos
1175 1779 1317 1831 colla
1403 1779 1582 1831 olossa
1602 1795 1764 1831 canes
1784 1799 1799 1840 3
2327 1779 2500 1831 suflnt
2523 1795 2588 1831 ac
2611 1796 2747 1846 pura
2769 1779 2962 1831 limina
2982 1779 3149 1845 tergit
3244 1794 3334 1839 ua,

597 1847 692 1913 qui
753 1845 870 1896 abit
892 1844 1188 1896 inmundae
1210 1845 1434 1896 uenalia
1454 1844 1575 1896 fata
1594 1845 1835 1911 saginae,
2100 1858 2128 1894 2
2134 1856 2160 1909 5
2262 1843 2495 1909 imperat
2517 1850 2575 1896 et
2597 1850 2746 1896 totas
2768 1844 2967 1895 iterum
2990 1850 3202 1894 mutare
3246 1858 3483 1904 acernas,
3761 1844 3824 1907 85

662 1911 847 1962 uincet
868 1910 964 1961 ubi
988 1925 1171 1961 erasas
1194 1909 1364 1960 barba
1386 1909 1642 1975 pudenda
1662 1926 1845 1975 genas.
2328 1914 2519 1975 terque
2541 1926 2724 1961 meum
2748 1909 2933 1975 tetigit
2955 1908 3230 1975 sulphuris
3253 1908 3378 1984 igne
3400 1912 3581 1973 caput.

600 1991 726 2027 cum
749 1975 904 2027 fieret
928 1980 1116 2026 nostro
1138 1975 1339 2025 totiens
1364 1974 1566 2025 iniuria
1590 1974 1750 2038 lecte,
2263 1978 2432 2040 atque
2456 1974 2537 2026 ita
2559 1979 2777 2025 mutato
2800 1989 2894 2040 per
2914 1973 3131 2039 singula
3155 1972 3323 2039 pallia
3347 1972 3488 2024 lecto

662 2046 879 2091 mutato
902 2039 1054 2091 uolui
1077 2044 1258 2091 castra
1280 2055 1499 2090 mouere
1521 2045 1655 2091 toro,
2330 2044 2367 2103 †
2391 2039 2660 2106 respondi,
2688 2044 2744 2091 et
2766 2044 2899 2090 noto
2919 2038 3183 2090 soluimus
3205 2054 3359 2089 arma
3381 2042 3514 2089 toro·

599 2104 812 2171 Phyllis
833 2105 1149 2157 Auentinae
1171 2104 1441 2170 quaedam
1464 2111 1550 2156 est
1572 2104 1756 2155 uicina
1778 2103 2009 2165 Dianae,

663 2170 843 2221 sobria
864 2176 1025 2236 grata
1046 2185 1237 2236 parum
1258 2189 1270 2220 ε
1306 2185 1430 2220 cum
1454 2169 1610 2230 bibit,
1637 2184 1796 2220 omne
1817 2168 1990 2220 decet.
2102 2182 2166 2233 30

599 2234 777 2287 altera
800 2234 1060 2301 Tarpeios
1082 2238 1169 2286 est
1190 2234 1334 2285 inter
1356 2234 1491 2285 Teia
1515 2233 1680 2294 lucOS,
3002 2243 3087 2295 ῙΧ

665 2299 914 2361 candida,
941 2299 1037 2351 sed
1062 2304 1221 2365 potae
1244 2315 1353 2349 non
1376 2299 1512 2349 satis
1534 2314 1678 2349 uuus
1700 2298 1820 2349 erit.

600 2365 687 2416 bis
710 2381 738 2415 e
777 2381 810 2414 o
832 2365 1095 2416 constitui
1117 2370 1334 2416 noctem
1359 2362 1527 2415 lenire
1550 2362 1780 2424 uocatis,
2267 2362 2788 2429 Amphitryoniades
2812 2377 2923 2429 qua
2943 2365 3272 2428 tempestate
3295 2362 3554 2414 iuuencos

664 2433 723 2481 et
798 2445 957 2481 enere
980 2430 1171 2495 ignota
1191 2428 1344 2480 furta
1367 2444 1570 2480 nouare
1592 2444 1729 2480 mea.
2332 2431 2522 2504 egerat
2543 2443 2578 2479 a
2600 2427 2853 2489 stabulis,
2881 2444 2913 2479 o
2938 2427 3200 2494 Erythea,
3227 2427 3357 2489 tuis,

601 2511 744 2545 uuus
766 2500 885 2545 erat
906 2494 1084 2546 tribus
1108 2494 1165 2545 in
1188 2500 1399 2545 secreta
1418 2493 1654 2544 lectulus
1677 2491 1859 2543 herba.
2103 2503 2165 2557 35
2269 2498 2425 2544 uenit
2449 2492 2518 2544 ad
2542 2493 2782 2544 intactos
2803 2508 3055 2559 pecorosa
3079 2492 3297 2543 Palatia
3321 2498 3551 2555 mouteS,

667 2560 884 2626 quaeris
906 2559 1251 2610 discubitus?
1284 2558 1429 2609 inter
1451 2564 1743 2624 utramque
1766 2557 1864 2608 fui.
2334 2563 2391 2609 et
2413 2558 2615 2609 statuit
2640 2557 2808 2609 fessos
2831 2558 3006 2609 fessus
3029 2562 3086 2609 et
3108 2557 3224 2623 ipse
3247 2557 3430 2619 boues,

603 2623 917 2690 Lygdamus
940 2623 1009 2675 ad
1033 2623 1263 2689 cyathos
1286 2623 1527 2699 uitrique
1551 2622 1765 2675 aestiua
1788 2620 2034 2687 supellex
2268 2639 2381 2689 qua
2403 2622 2644 2674 Velabra
2665 2638 2764 2674 suo
2785 2622 3120 2688 stagnabant
3142 2622 3365 2673 flumine
3388 2637 3607 2689 quaque
3805 2636 3832 2686 5

666 2697 725 2740 et
748 2688 1126 2754 Methymnaei
1149 2688 1318 2740 Graia
1340 2688 1520 2739 saliua
1542 2688 1690 2739 meri.
2335 2693 2509 2739 nauta
2532 2704 2628 2753 per
2650 2687 2889 2738 urbanas
2911 2686 3226 2738 uelificabat
3248 2703 3283 2737 a
3322 2703 3434 2738 uas.

602 2754 748 2814 Nile,
777 2759 907 2805 tuus
928 2754 1133 2805 tibicen
1157 2757 1292 2813 erat,
1320 2752 1650 2805 crotalistria
1672 2750 1902 2818 Phyllis,
2269 2752 2362 2804 sed
2388 2768 2495 2803 non
2520 2751 2688 2803 infido
2711 2759 3031 2803 manserunt
3053 2750 3267 2816 hospite
3338 2767 3434 2802 aco

667 2825 726 2871 et
748 2818 925 2870 facilis
947 2818 1128 2885 spargi
1151 2818 1358 2869 munda
1379 2818 1497 2869 sine
1520 2822 1639 2869 arte
1661 2833 1783 2868 rosa
1802 2836 1816 2878 ς
2102 2831 2169 2879 40
2334 2817 2632 2868 incolumes
2656 2838 2668 2869 :
2704 2816 2853 2867 furto
2877 2816 3076 2882 polluit
3097 2815 3192 2866 ille
3217 2817 3421 2867 Iouem.

603 2900 781 2935 nanus
803 2889 860 2936 et
883 2884 998 2949 ipse
1021 2900 1146 2935 suos
1169 2883 1410 2935 breuiter
1432 2888 1713 2934 concretus
1736 2881 1793 2932 in
1817 2888 1972 2934 artus
2269 2882 2455 2933 accola
2479 2882 2653 2933 Cacus
2676 2885 2812 2942 erat,
2839 2880 3134 2932 metuendo
3156 2886 3341 2946 raptor
3362 2880 3434 2931 ab
3456 2885 3632 2944 antr0,
3745 2925 3750 2928 .

669 2949 915 3000 iactabat
938 2953 1160 3000 truncas
1184 2948 1253 2999 ad
1277 2964 1416 2999 caua
1440 2947 1588 2999 buxa
1610 2963 1819 2998 manus,
2336 2962 2428 3012 per
2452 2947 2559 2997 tria
2580 2946 2812 3014 partitos
2833 2946 2929 3012 qui
2951 2945 3121 2997 dabat
3143 2962 3239 2996 ora
3260 2962 3434 2997 sonos.
3775 2960 3835 2996 10

601 3014 696 3065 sed
723 3031 789 3065 ne
828 3030 898 3065 ue
920 3013 1185 3079 suppletis
1208 3013 1495 3064 constabat
1518 3011 1739 3063 flamma
1761 3011 2011 3074 lucernis,
2268 3011 2373 3071 hic,
2401 3028 2471 3063 ne
2494 3015 2642 3062 certa
2665 3010 2845 3062 forent
2868 3010 3192 3062 manifestae
3215 3010 3372 3076 signa
3394 3009 3633 3076 rapinae,

668 3079 804 3130 recci
845 3079 891 3130 it
914 3079 1080 3145 inque
1102 3094 1228 3129 suos
1251 3093 1439 3129 mensa
1462 3077 1659 3143 supina
1680 3076 1857 3143 pedes.
2333 3092 2554 3128 auersos
2576 3075 2753 3127 cauda
2777 3075 2949 3127 traxit
2971 3075 3029 3126 iu
3051 3080 3215 3126 antra
3239 3075 3403 3126 boues
3428 3093 3442 3135 3

605 3160 693 3195 me
710 3160 927 3209 quoque
951 3159 1044 3209 per
1067 3143 1209 3194 talos
1234 3142 1502 3194 Venerem
1526 3147 1820 3207 quaerente
1837 3141 2103 3194 secundos
2270 3157 2368 3193 nec
2390 3141 2508 3192 sine
2532 3145 2671 3192 teste
2693 3141 2796 3191 deo
2819 3161 2830 3192 :
2867 3140 3042 3191 furem
3059 3159 3072 3189 ι
3092 3156 3293 3191 onuere
3317 3140 3554 3203 iuuenci,

669 3224 880 3275 semper
901 3208 1150 3259 damnosi
1174 3206 1474 3259 subsiluere
1496 3223 1672 3258 canes.
2102 3209 2168 3270 46
2333 3205 2471 3257 furis
2494 3211 2551 3257 et
2573 3205 2875 3272 inplacidas
2898 3204 3042 3256 dirui
3085 3205 3176 3256 ira
3198 3205 3353 3256 fores.

603 3274 904 3326 cantabant
927 3273 1108 3334 surdo,
1138 3272 1421 3324 nudabant
1446 3277 1666 3349 pectora
1688 3288 1847 3324 caeco
1871 3293 1884 3325 ι
2269 3271 2547 3324 Maenalio
2570 3270 2740 3323 iacuit
2762 3270 2952 3386 pulsus
2975 3269 3083 3323 tria
3106 3275 3351 3337 tempora
3374 3286 3525 3322 ramo
3775 3284 3833 3336 15

672 3339 906 3390 Lanuuii
930 3339 1001 3390 ad
1026 3343 1226 3405 portas„
1253 3339 1304 3389 ei
1328 3338 1479 3399 mihi,
1506 3342 1659 3388 totus
1682 3353 1829 3388 eram
1856 3356 1871 3398 ς
2335 3337 2528 3397 Cacus,
2556 3343 2614 3388 et
2637 3336 2781 3387 Alci(
2801 3353 2860 3388 es
2882 3337 2960 3387 sic
2982 3337 3064 3388 ait
3086 3356 3098 3382 ·.
3139 3337 3247 3387 ‘ite
3272 3335 3455 3397 boues,

606 3421 730 3456 cum
754 3404 939 3455 subito
963 3404 1112 3455 rauci
1136 3408 1437 3454 sonuerunt
1460 3402 1681 3454 cardine
1774 3409 1905 3464 stes,
2272 3401 2525 3453 Herculis
2548 3401 2625 3453 ite
2647 3402 2831 3462 boue&
2860 3407 3077 3452 nostrae
3101 3399 3255 3452 labor
3275 3401 3470 3451 ultime
3493 3399 3701 3463 clauae,

672 3475 727 3520 et
751 3468 900 3520 leuia
920 3468 989 3519 ad
1016 3469 1217 3535 primos
1239 3484 1520 3519 murmura
1541 3468 1692 3519 facta
1760 3483 1895 3519 ares.
2106 3478 2171 3533 50
2336 3467 2419 3518 bis
2444 3466 2578 3517 mihi
2602 3467 2901 3532 quaesitae,
2930 3466 3012 3517 bis
3036 3481 3158 3517 mea
3181 3466 3399 3542 praeda,
3427 3466 3611 3528 boueS,

606 3550 704 3586 nec
728 3550 895 3595 mora,
921 3550 1046 3584 cum
1070 3539 1215 3584 totas
1238 3532 1519 3598 resupinat
1543 3531 1785 3598 Cynthia
1807 3532 2022 3595 ualuaS,
2272 3547 2518 3598 aruaque
2541 3532 2757 3597 mugitu
2780 3532 2990 3583 sancite
3011 3531 3238 3582 bonaria
3261 3531 3421 3596 longo
3443 3551 3456 3581 :

672 3616 780 3650 non
804 3614 1027 3665 operosa
1048 3599 1233 3658 comis,
1260 3598 1355 3650 sed
1379 3597 1677 3648 furibunda
1699 3597 1910 3649 decens.
2336 3596 2518 3647 nobile
2540 3597 2644 3647 erit
2670 3597 2876 3647 Romae
2900 3611 3103 3662 pascua
3126 3600 3313 3646 uestra
3334 3595 3549 3646 forum.’
3769 3609 3834 3646 20

606 3663 801 3730 pocula
822 3664 898 3715 mi
920 3664 1121 3730 digitos
1144 3664 1290 3714 inter
1312 3663 1552 3714 cecidere
1575 3662 1841 3725 remissos,
2271 3660 2504 3722 dixerat,
2532 3665 2593 3712 at
2616 3661 2756 3712 sicco
2779 3664 2999 3726 torquet
3021 3660 3141 3710 sitis
3165 3676 3259 3710 ora
3281 3659 3484 3726 palate,

745 3728 1099 3795 llucruntque
1122 3728 1239 3805 ipso
1262 3728 1414 3778 labra
1439 3728 1620 3778 soluta
1645 3743 1807 3779 merc.
2339 3732 2592 3792 terraque
2616 3742 2723 3777 uon
2748 3725 2891 3776 ullas
2914 3725 3032 3784 feta
3053 3724 3333 3776 ministrat
3357 3739 3546 3790 aquas.

608 3745 866 3845 fuffiinat
889 3793 987 3844 illa
1009 3793 1178 3844 oculis
1202 3798 1258 3843 et
1282 3796 1551 3859 quantum
1574 3792 1779 3843 femina
1800 3791 1998 3853 saeuit,
2109 3802 2168 3857 55
2272 3791 2365 3843 sed
2391 3791 2576 3857 procul
2601 3790 2839 3842 inclusas
2862 3790 3021 3842 audit
3043 3789 3217 3841 ridere
3241 3788 3466 3855 puellas,

674 3858 1004 3925 spectaclum
1026 3864 1189 3934 capta
1211 3874 1309 3908 nec
1332 3857 1514 3908 minus
1537 3857 1671 3908 urbe
1694 3857 1818 3908 fuit.
2338 3856 2494 3907 lucus
2518 3855 2618 3906 ubi
2637 3855 2893 3906 umbroso
2916 3855 3120 3906 fecerat
3142 3854 3269 3905 orbe
3295 3871 3503 3914 nemuS,

608 3922 891 3989 Phyllidos
914 3924 1082 3974 iratos
1105 3939 1161 3973 m
1185 3922 1402 3974 uultum
1428 3922 1627 3973 conicit
1649 3937 1859 3988 ungues
1885 3941 1898 3974 ε
2272 3920 2541 3973 femineae
2564 3919 2684 3971 loca
2708 3920 2896 3971 clausa
2916 3920 3050 3971 deae
3073 3919 3358 3985 fontesque
3382 3918 3627 3986 piandos,
3771 3934 3799 3970 2
3806 3932 3833 3986 5

675 3988 866 4040 territa
888 3988 1100 4039 uicinas
1124 3988 1257 4039 Teia
1278 3987 1483 4039 clamat
1505 4003 1692 4053 aquas.
2337 3986 2541 4051 inpune
2564 3992 2620 4036 et
2649 3985 2816 4036 nullis
2838 4001 2991 4035 sacra
3013 3990 3220 4036 retecta
3243 3984 3391 4034 uiris,

609 4052 821 4104 lumina
843 4053 1045 4119 sopitos
1071 4053 1297 4104 turbant
1320 4052 1468 4103 elata
1490 4051 1751 4114 Quirites,
2272 4050 2436 4102 deuia
2460 4051 2720 4117 puniceae
2744 4050 3004 4100 uelabant
3028 4049 3221 4100 limina
3243 4049 3421 4100 uittae
3444 4067 3458 4110 ς

672 4119 847 4169 omnis
871 4123 925 4169 et
948 4118 1142 4169 insana
1165 4118 1361 4168 semita
1385 4133 1515 4167 uoce
1539 4122 1713 4167 sonat.
2107 4116 2174 4166 60
2336 4116 2477 4167 turis
2500 4115 2725 4165 odorato
2748 4114 2964 4165 luxerat
2987 4114 3112 4180 igne
3136 4130 3262 4164 casa
3284 4133 3299 4174 ;

607 4182 730 4234 illas
755 4183 1088 4249 direptisque
1110 4181 1277 4233 comis
1300 4182 1609 4248 tunicisque
1633 4181 1825 4232 solutis
2273 4180 2434 4247 popul
2443 4197 2504 4230 us
2528 4186 2584 4231 et
2608 4179 2783 4245 longis
2806 4179 3035 4230 ornabat
3060 4178 3341 4230 frondibus
3362 4177 3572 4241 aedem,

672 4248 877 4323 excipit
901 4248 1160 4298 obscurae
1182 4247 1358 4314 prima
1380 4246 1609 4298 taberna
1631 4247 1772 4296 uiae.
2338 4245 2625 4321 multaque
2648 4249 2934 4296 cantantes
2957 4244 3152 4294 umbra
3177 4244 3396 4310 tegebat
3418 4260 3566 4295 aues.
3771 4258 3836 4309 30

607 4312 848 4379 Cynthia
871 4312 1077 4378 gaudet
1100 4312 1155 4363 in
1179 4312 1396 4363 exuuiis
1418 4312 1725 4377 uictrixque
1752 4309 1978 4362 recurrit
2273 4309 2379 4361 huc
2404 4309 2517 4361 ruit
2542 4326 2596 4360 111
2621 4309 2817 4361 siccam
2843 4317 3102 4375 congesta
3125 4309 3348 4375 puluere
3373 4309 3596 4360 barbam

672 4382 729 4429 et
751 4394 875 4428 mea
897 4394 1153 4444 peruersa
1175 4378 1389 4428 sauciat
1412 4393 1506 4427 ora
1529 4392 1696 4427 manu
2339 4381 2395 4426 et
2418 4375 2551 4426 iacit
2574 4380 2702 4425 ante
2727 4374 2866 4425 fores
2889 4374 3058 4425 uerba
3081 4374 3293 4425 minora
3315 4374 3415 4425 deo
3438 4395 3450 4425 ε

607 4442 928 4518 inponitque
952 4449 1140 4493 notam
1161 4442 1300 4493 collo
1323 4458 1610 4507 morsuque
1633 4445 1900 4502 cruentat,
2108 4443 2170 4506 65
2278 4444 2292 4468 ‘
2310 4457 2407 4491 uos
2432 4456 2631 4506 precor,
2659 4456 2691 4489 o
2713 4439 2823 4490 luci
2844 4455 2995 4490 sacro
3017 4455 3158 4505 quae
3183 4439 3372 4490 luditis
3395 4444 3573 4502 antro,

670 4524 1063 4574 praecipueque
1087 4508 1285 4569 oculos,
1313 4507 1409 4573 qui
1434 4522 1692 4568 meruere,
1719 4505 1863 4558 ferit.
2341 4505 2565 4571 pandite
2589 4504 2814 4556 defessis
2836 4504 3056 4570 hospita
3077 4504 3208 4555 fana
3230 4503 3381 4554 uiriS.

724 4648 841 4693 vm
872 4650 901 4693 8
932 4663 1031 4707 qua
1060 4654 1280 4706 penetrat
1310 4659 1369 4705 Ω,
1404 4664 1524 4695 corr.
1561 4648 1694 4694 Pass.
1767 4649 1796 4692 7
1826 4650 2065 4706 punctum
2098 4649 2209 4705 post
2238 4647 2349 4692 hon.
2386 4645 2484 4692 del.
2518 4645 2626 4692 edd.
2664 4649 2788 4692 uett.
2853 4647 2883 4690 8
2913 4660 2969 4692 α
3000 4660 3100 4690 una
3122 4655 3180 4691 Ω.
3247 4646 3289 4700 9,
3315 4645 3374 4689 10
3409 4646 3521 4702 post
3555 4644 3614 4687 12
3646 4646 3819 4703 transp

610 4709 816 4754 Housm.
882 4710 938 4751 11
961 4709 1142 4765 collt'yit
1165 4709 1223 4754 Ο.
1288 4709 1347 4752 15
1368 4710 1566 4754 mannis
1599 4706 1881 4762 Beroaldus,
1916 4707 1977 4752 ab
2003 4708 2153 4752 annis
2184 4716 2241 4751 Ω.
2307 4706 2364 4749 21
2394 4707 2465 4761 (et
2495 4705 2573 4760 56)
2606 4706 2892 4761 spectaclum
2921 4722 2964 4759 μ
2996 4704 3066 4760 (et
3096 4704 3147 4749 in
3178 4705 3237 4748 5⁶
3269 4704 3340 4759 L),
3372 4703 3694 4759 spectac-ulum
3715 4703 3834 4750 LN’

607 4767 921 4824 spectandum
953 4779 990 4814 A
1011 4767 1063 4813 F.
1129 4768 1188 4810 23
1221 4767 1277 4814 Si
1306 4769 1430 4824 rime
1469 4767 1682 4819 manum
1713 4771 1838 4812 tacto
1868 4776 1927 4821 Ω,
1963 4780 2082 4811 corr.
2118 4763 2400 4810 Beroaldus.
2448 4765 2607 4821 nepoti
2639 4774 2696 4810 Ω.
2761 4765 2821 4807 24
2850 4763 2978 4820 mo(a
3011 4761 3181 4818 N)losa
3211 4763 3324 4809 ΦΝ.
3389 4764 3447 4806 28
3476 4761 3746 4818 mul(c)tato
3776 4773 3834 4810 Ω.

610 4828 768 4872 uoluit
789 4837 847 4881 Ω,
873 4841 994 4872 corr.
1019 4825 1301 4872 Beroaldus,
1368 4827 1426 4870 29
1446 4840 1575 4871 noua
1596 4825 1656 4871 el.
1682 4825 1732 4870 in
1755 4835 1815 4870 Ω.
1869 4826 1929 4869 84
1947 4830 2119 4870 notare
2139 4824 2197 4870 O.
2263 4825 2322 4867 ³5
2343 4823 2515 4868 umbra
2539 4821 2708 4868 Heius.
2776 4824 2832 4866 36
2853 4824 2971 4868 disc.
2998 4821 3172 4877 Palm.‚
3198 4836 3322 4868 conc.
3349 4830 3407 4867 Ω.
3472 4822 3531 4865 87
3553 4823 3748 4878 utrique
3769 4822 3833 4877 N,

610 4891 808 4942 uterque
837 4885 895 4940 Ο,
921 4900 1040 4930 corr.
1068 4884 1193 4931 Scal.
1259 4886 1317 4928 38
1338 4886 1501 4930 Graia
1533 4884 1817 4938 Palmerius,
1849 4889 1999 4939 yrata
2020 4893 2058 4930 A
2081 4883 2215 4939 (fort.
2248 4881 2413 4937 recte),
2436 4896 2613 4938 yraeea
2635 4891 2668 4927 ο
2687 4882 2764 4935 Ν;
2801 4882 2909 4935 Γρῖις
2929 4881 3070 4926 Lesbi
3097 4880 3332 4926 conditor.
3399 4881 3456 4924 39
3477 4881 3666 4926 Nilotes
3687 4880 3833 4938 ScaL,

608 4949 907 5000 unquentum
935 4944 1141 4990 Housm.
1186 4945 1465 4989 coralistm'a
1488 4955 1525 4990 A
1541 4944 1593 4996 L,
1620 4944 1837 4989 coli-stria
1857 4942 1910 4998 F,
1936 4942 2245 4988 oberati-stria
2265 4942 2328 4997 N,
2353 4956 2474 4986 corr.
2501 4940 2768 4986 Turnebus.
2813 4940 2981 4996 Byblis
3003 4939 3177 4996 Palm.‚
3204 4941 3404 4996 phiram
3435 4939 3639 4985 Housm.
3704 4940 3766 4982 40
3794 4945 3838 4986 et

609 5013 667 5058 Ω,
692 5004 807 5048 haec
828 5003 1003 5049 Baehr.
1067 5004 1127 5046 41
1147 5016 1358 5059 myrtus
1377 5013 1436 5058 Ω,
1461 5017 1581 5048 corr.
1609 5001 1891 5048 Beroaldus.
1954 5002 2016 5045 44
2044 5001 2217 5047 recidit
2240 5010 2289 5056 Φ,
2314 5001 2495 5045 decidit
2516 5009 2569 5046 A.
2634 5001 2695 5042 45
2724 5000 2930 5045 secundo
2950 5009 2983 5045 ο
3001 5000 3062 5054 Ν,
3089 4999 3346 5045 secundam
3367 4997 3523 5044 Palm.
3586 4999 3647 5041 48
3677 4998 3757 5044 hei
3777 4998 3830 5056 F,

605 5063 699 5107 heu
721 5072 758 5108 A
779 5062 830 5107 L.
876 5067 1003 5107 totus
1023 5061 1259 5119 Cuypers,
1283 5062 1413 5107 solus
1433 5072 1491 5107 Ω.
1558 5063 1618 5105 50
1655 5075 1739 5107 nec
1759 5062 1791 5106 l.
1820 5077 1867 5106 «r.
1931 5061 1992 5104 54
2016 5061 2394 5117 palluerantque
2415 5069 2473 5114 Ω,
2500 5073 2620 5105 corr.
2646 5059 2908 5104 Liuineius.
2986 5059 3046 5102 58
3075 5060 3265 5105 clanmt.
3288 5057 3471 5113 petebat
3493 5058 3555 5103 D.
3611 5057 3672 5100 80
3704 5063 3836 5104 nocte

608 5131 666 5176 Ω,
692 5135 811 5166 corr.
840 5121 1105 5166 Frutcrius.
1133 5122 1192 5164 68
1213 5120 1387 5178 fulcra
1419 5140 1459 5179 μ.
1489 5135 1584 5178 mg.
1623 5119 1906 5174 Beroaldus,
1932 5118 2083 5176 fusca
2115 5128 2172 5164 Ω.
2238 5119 2296 5162 89
2322 5123 2604 5175 prostratus
2635 5135 2682 5163 ς.
2761 5119 2818 5162 71
2853 5119 2988 5163 uenit
3018 5127 3075 5162 Ω.
3140 5117 3199 5160 72
3228 5130 3317 5161 cur
3346 5116 3399 5172 F,
3434 5130 3545 5162 cum
3571 5115 3634 5162 N.
3699 5118 3759 5161 78
3790 5130 3837 5162 se

608 5181 687 5225 det
723 5181 965 5225 Gruterus
1003 5183 1054 5225 et
1091 5180 1338 5235 Heinsius,
1373 5180 1509 5225 sudet
1541 5189 1599 5235 Ω,
1636 5180 1768 5225 sidat
1800 5178 2086 5225 Palmerius.
2152 5178 2212 5221 80
2243 5179 2433 5223 uenerit
2457 5188 2510 5222 A.
2576 5178 2632 5220 81
2663 5177 2785 5232 lenes
2816 5194 2862 5222 ς.
2919 5176 3162 5234 respondi.
3196 5176 3306 5222 citici
3334 5175 3388 5221 F.
3454 5176 3513 5219 83
3542 5175 3658 5221 dein
3687 5175 3751 5230 N,
3775 5189 3837 5221 ue

607 5241 664 5284 in
685 5239 760 5294 (ἰη
782 5253 875 5284 om.
903 5238 970 5292 D)
992 5238 1049 5284 O.
1115 5240 1175 5282 84
1204 5239 1355 5295 suffiit
1385 5238 1667 5294 Beroaldus,
1692 5252 1749 5283 ac
1780 5237 1977 5292 Baehr.‚
2001 5236 2135 5292 suffic
2164 5242 2217 5282 at
2245 5237 2298 5292 L,
2325 5235 2512 5292 sufficat
2534 5235 2572 5279 F
2590 5235 2651 5290 N,
2678 5234 2877 5291 suffocat
2910 5245 2964 5282 A.
3029 5236 3089 5279 88
3117 5249 3204 5293 pro
3233 5235 3475 5291 respondi,
3501 5249 3560 5280 ex
3581 5234 3634 5279 81
3660 5234 3830 5291 inlato,

610 5299 674 5343 lis
704 5300 861 5354 posita
894 5297 1091 5352 Baehr„
1126 5297 1241 5343 fort.
1279 5298 1468 5343 escendt‘
1500 5296 1578 5342 uel
1616 5298 1846 5342 inscendi.
1891 5301 2002 5342 noto
2033 5296 2223 5348 Hebae..
2261 5300 2356 5341 toto
2390 5304 2449 5349 Ω,
2488 5295 2585 5340 solo
2617 5294 2792 5340 Baehr.
2830 5297 2882 5340 et
2912 5296 3153 5339 mouimus
3182 5308 3294 5339 cum
3325 5294 3494 5340 Heius.
3531 5293 3647 5339 fort.
3684 5296 3829 5340 recte.

609 5356 678 5400 11
708 5357 737 5400 2
767 5357 951 5401 erithrea
982 5356 1044 5409 N,
1077 5359 1256 5402 eritrea
1284 5366 1333 5412 ο,
1359 5357 1566 5403 em‘thcoee
1588 5356 1650 5410 V,
1675 5356 1899 5412 erythreo
1920 5355 1982 5401 D.
2048 5356 2077 5399 3
2105 5355 2172 5400 ad
2204 5353 2335 5407 Itali,
2371 5359 2413 5399 et
2444 5363 2504 5399 Ω.
2551 5355 2757 5399 intactos
2789 5368 2893 5410 nos,
2926 5354 3149 5398 aduictos
3177 5353 3240 5406 N,
3275 5353 3476 5409 adimus*
3497 5351 3699 5407 D)nctos
3721 5362 3757 5398 A
3775 5353 3828 5408 L,

609 5417 807 5461 adiutos
840 5415 893 5471 F,
934 5416 1142 5461 incultos
1167 5415 1344 5462 Baehr.
1407 5417 1437 5459 5
1472 5429 1527 5461 ue
1557 5415 1679 5460 libra
1705 5415 1763 5461 O.
1809 5428 1991 5471 quoque
2010 5423 2070 5460 Ω.
2131 5414 2161 5457 8
2188 5414 2448 5458 incolumis
2469 5422 2525 5457 Ω.
2592 5413 2620 5456 9
2650 5413 2812 5458 accola
2834 5411 3088 5467 Schrader,
3114 5410 3176 5456 cf.
3204 5411 3308 5456 Liu.
3335 5412 3359 5457 1
3381 5413 3422 5460 7.
3448 5411 3492 5467 5,
3519 5412 3679 5456 incola
3700 5411 3832 5467 Itali,

608 5477 776 5520 imula
810 5484 867 5520 Ω.
933 5475 990 5517 21
1024 5479 1077 5519 at
1110 5474 1336 5529 Housm.,
1373 5480 1416 5520 et
1446 5484 1504 5520 Ω.
1570 5475 1628 5517 22
1659 5475 1823 5519 nullas
1854 5483 1912 5527 Ω,
1948 5487 1985 5519 n
2017 5486 2137 5518 eras.
2173 5473 2224 5518 in
2246 5473 2308 5518 V.
2346 5471 2466 5528 seta.
2494 5471 2610 5516 fort.
2636 5485 2789 5524 caeca,
2816 5471 2922 5516 coll.
2960 5471 3051 5517 Ou.
3079 5485 3139 5516 ex
3167 5469 3221 5515 P.
3258 5470 3334 5515 IV
3363 5471 3405 5516 2.
3433 5468 3486 5518 17
3520 5484 3612 5528 sq„
3648 5470 3733 5515 sed
3766 5470 3831 5517 cf.

608 5534 764 5580 Anth.
801 5533 855 5578 L.
893 5533 994 5578 666.
1032 5533 1063 5578 5
1094 5548 1163 5592 sq.
1203 5532 1399 5589 (Riese).
1445 5535 1688 5578 ministret
1718 5543 1778 5585 Ω,
1813 5546 1933 5578 corr.
1958 5546 2004 5578 v.
2069 5532 2131 5575 24
2160 5533 2243 5577 ubi
2272 5531 2463 5585 Heius„
2499 5531 2559 5574 ab
2591 5540 2648 5576 Ω.
2714 5531 2772 5574 27
2793 5531 2985 5576 lumina
3008 5530 3066 5577 Ο.
3130 5530 3191 5573 28
3211 5530 3343 5575 turis
3364 5529 3554 5587 Heius„
3581 5529 3749 5586 putris
3771 5539 3830 5575 Ω.

607 5593 666 5637 29
686 5594 841 5649 laryis
862 5592 1057 5649 Baehr.,
1080 5593 1272 5649 ylaucis
1293 5592 1498 5638 Housm.
1565 5593 1622 5635 ³3
1642 5593 1768 5638 lucis
1788 5601 1847 5648 Ω,
1872 5606 1992 5638 corr.
2020 5590 2145 5638 Scal.
2212 5591 2270 5634 84
2292 5604 2423 5635 uana
2448 5600 2505 5635 Ω.
2553 5591 2653 5636 uiis
2673 5600 2732 5636 Ω.
