4890 6561
1096 458 1161 510 32
2147 456 2313 509 SEX.
2363 456 2750 511 PROPERTI
2789 456 2937 509 LIB.
2987 453 3093 505 III
3132 453 3263 520 [IV]

2815 621 2995 683 (tollet
3018 621 3172 673 nulla
3194 620 3311 677 dies
3334 621 3474 673 hanc
3497 621 3619 682 tibi,
3645 622 3838 682 Roma,
3865 624 4073 683 notam)
4249 624 4313 687 36

2750 703 2885 739 ausa
2909 687 3028 738 Ioui
3051 692 3236 738 nostro
3259 686 3551 738 latrantem
3577 702 3842 753 opponere
3865 687 4108 748 Anubin,
4248 701 4306 750 4¹

2815 758 2871 804 et
2895 751 3134 802 Tiberim
3160 751 3276 803 Nili
3299 767 3486 816 cogere
3508 751 3646 802 ferre
3669 752 3862 804 minas.

1093 641 1157 677 ac
1181 623 1416 702 primum
1439 640 1576 691 pura
1598 640 1845 700 somnum
1869 623 1974 701 tihi
1995 622 2205 674 discute
2228 622 2457 690 lympha

1094 694 1221 805 agii?
1238 689 2033 820 355233132‘33003333352353
2051 705 2487 818 fflffimpmi
2591 764 2646 818 15

1159 819 1341 881 indue,
1369 836 1467 870 nec
1488 836 1725 870 uacuum
1750 819 1877 869 flore
1901 819 2147 884 relinque
2169 825 2335 884 caput
2358 838 2372 878 ;
2750 817 3162 881 Romanamque
3186 816 3376 866 tubam
3400 816 3691 881 crepitanti
3714 815 3911 882 pellere
3934 815 4114 877 sistr0,

1092 888 1149 935 et
1173 890 1314 950 pete,
1341 901 1452 950 qua
1475 883 1660 949 polles,
1688 890 1754 934 ut
1776 884 1851 935 sit
1874 883 1975 934 tibi
1999 883 2174 933 forma
2195 882 2466 949 perennis,
2816 881 3032 932 baridos
3056 886 3113 932 et
3135 881 3308 930 contis
3331 886 3506 931 rostra
3529 881 3772 931 Liburna
3793 881 3966 947 sequi,

1158 949 1321 1015 inque
1346 965 1525 1000 meum
1548 965 1759 1014 semper
1781 955 1928 999 stent
1952 951 2049 999 tua
2073 964 2239 1013 regna
2262 953 2441 1013 caput.
2751 945 3015 1012 foedaque
3040 945 3270 1010 Tarpeio
3293 945 3520 1010 conopia
3544 945 3764 997 tendere
3786 962 3940 1006 sax0,
4244 958 4307 1009 45

1091 1013 1220 1064 inde
1242 1019 1527 1064 coronatas
1551 1014 1643 1063 ubi
1669 1020 1788 1064 ture
1812 1013 2049 1078 piaueris
2072 1029 2212 1072 aras,
2815 1011 2938 1061 iura
2959 1010 3115 1061 dares
3136 1016 3351 1060 statuas
3375 1010 3518 1060 inter
3540 1016 3597 1061 et
3619 1027 3771 1061 arma
3797 1011 3941 1061 Mari
3966 1016 3979 1061 Ξ

1159 1077 1362 1129 luxerit
1386 1083 1442 1128 et
1467 1084 1584 1128 tota
1606 1078 1828 1129 flamma
1850 1077 2089 1128 secunda
2111 1077 2288 1137 domo,
2587 1090 2653 1126 20
2752 1075 2944 1141 fugisti
2966 1081 3152 1126 tamen
3175 1075 3229 1125 in
3257 1073 3435 1125 timidi
3460 1090 3604 1150 uaga
3627 1074 3854 1125 flumina
3877 1074 4025 1127 Nili:
4250 1087 4306 1139 51

1095 1142 1167 1192 sit
1192 1158 1408 1193 mensae
1432 1143 1587 1203 rati0‚
1617 1159 1832 1208 noxque
1854 1143 1998 1193 inter
2022 1142 2214 1207 pocula
2235 1147 2433 1203 currat,
2817 1156 3068 1215 accepere
3094 1145 3223 1190 tuae
3247 1139 3483 1189 Romula
3505 1139 3689 1190 uincla
3711 1155 3920 1190 manus.

1157 1212 1213 1256 et
1236 1208 1447 1257 crocino
1470 1206 1615 1258 naris
1639 1223 1884 1258 murreus
1906 1212 2081 1272 ungat
2103 1223 2249 1272 onyx
2272 1226 2287 1266 ς
2752 1204 3004 1255 bracchia
3027 1204 3272 1269 spectaui
3294 1204 3460 1254 sacris
3483 1204 3734 1255 admorsa
3756 1204 4010 1265 colubris,

1094 1271 1231 1322 tibia
1254 1272 1525 1322 continuis
1548 1272 1866 1323 succumbat
1890 1288 2053 1322 rauca
2075 1271 2301 1332 choreis,
2818 1275 2874 1320 et
2898 1269 3111 1320 trahere
3134 1268 3406 1319 occultum
3433 1268 3675 1319 membra
3697 1269 3901 1334 soporis
3925 1269 4044 1320 iter.

1158 1342 1214 1386 et
1237 1336 1348 1386 sint
1371 1337 1649 1402 nequitiae
1672 1336 1844 1388 libera
1868 1336 2035 1387 uerba
2057 1340 2203 1396 tuae,
2758 1337 2771 1362 ‘
2789 1350 2898 1384 non
2922 1334 3072 1393 haec,
3103 1335 3293 1395 Roma,
3321 1333 3428 1383 fuit
3452 1339 3608 1383 tanto
3631 1333 3732 1384 tibi
3756 1334 3876 1384 ciue
3901 1333 4140 1384 uerenda
4155 1334 4168 1354 ’
4249 1344 4309 1397 55

1092 1400 1382 1476 dulciaque
1404 1401 1650 1476 ingratos
1672 1400 1921 1452 adimant
1944 1400 2192 1451 conuicia
2214 1415 2432 1450 somnos
2451 1418 2467 1460 ;
2589 1410 2650 1463 25
2817 1398 2935 1449 dixi
2962 1403 2974 1425 ‘
2994 1407 3095 1448 aut
3119 1398 3339 1448 assiduo
3362 1398 3550 1463 lingua
3575 1398 3792 1464 sepulta
3815 1414 3976 1449 merc.

1158 1464 1374 1529 publica
1396 1465 1609 1516 uicinae
1701 1470 1934 1540 rstrepat
1957 1481 2091 1515 aura
2114 1465 2269 1515 uiae:
2753 1480 2810 1514 se
2849 1469 2958 1514 tem
2985 1463 3113 1513 urbs
3135 1462 3250 1513 alta
3272 1463 3432 1527 iugis,
3463 1468 3577 1513 toto
3636 1479 3740 1513 uae
3763 1462 4034 1528 praesidet
4055 1462 4189 1523 orbi,

1092 1529 1163 1578 sit
1186 1545 1298 1579 sors
1323 1535 1378 1581 et
1402 1530 1557 1579 nobis
1579 1538 1641 1580 ta
1662 1546 1815 1580 orum
1840 1534 2131 1595 interprete
2155 1528 2321 1589 iactu,
2840 1528 3050 1578 emineo
3073 1528 3326 1578 extimuit
3351 1527 3541 1578 territa
3627 1532 3746 1577 arte
3771 1528 3982 1578 minas?
4249 1529 4310 1591 58

1157 1610 1318 1659 quem
1341 1594 1565 1669 grauius
1590 1594 1779 1659 pennis
1805 1595 2054 1645 uerberet
2078 1593 2170 1644 ille
2194 1610 2341 1660 puer.
2752 1593 2882 1658 quid
2908 1609 3054 1643 nunc
3077 1591 3362 1657 Tarquinii
3387 1592 3591 1642 fractas
3613 1592 3771 1642 iuuat
3795 1608 3911 1642 esse
3935 1608 4163 1653 secures,
4245 1606 4310 1653 47

1091 1673 1215 1709 eum
1239 1658 1403 1709 fuerit
1425 1659 1615 1709 multis
1638 1665 1834 1709 exacta
1857 1659 2151 1710 trientibus
2175 1659 2322 1718 hora,
2819 1657 3035 1707 nomine
3059 1673 3220 1722 quem
3245 1656 3408 1706 simili
3435 1656 3554 1707 uita
3575 1656 3806 1721 superba
3829 1661 4021 1707 notat?
4247 1658 4310 1717 48

1156 1725 1331 1775 noctis
1355 1728 1411 1775 et
1433 1723 1689 1774 instituet
1710 1740 1866 1774 sacra
1889 1724 2139 1774 ministra
2163 1723 2366 1783 Venus,
2588 1736 2654 1786 30
2753 1738 2898 1772 nunc
2921 1722 3014 1771 ubi
3039 1721 3125 1771 Sci
3151 1721 3325 1771 ›iadae
3349 1721 3564 1780 classes,
3592 1721 3686 1771 ubi
3711 1722 3868 1785 signa
3892 1721 4131 1783 Camilli,
4247 1724 4309 1782 67

1090 1804 1276 1838 annua
1297 1789 1574 1839 soluamus
1597 1788 1840 1839 thalamo
1863 1788 2151 1839 sollemnia
2172 1794 2372 1849 nostro,
2817 1790 2919 1837 aut
2942 1786 3099 1835 modo
3169 1786 3382 1851 ompeia
3407 1786 3677 1851 Bosphore
3699 1792 3862 1851 capta
3885 1802 4068 1845 manu,
4247 1787 4310 1835 08

1156 1853 1464 1919 natalisque
1486 1854 1572 1905 tui
1594 1854 1672 1905 sic
1695 1869 2016 1919 peragamus
2038 1854 2158 1904 iter.
2755 1850 3084 1901 Hannibalis
3107 1851 3281 1915 spolia
3304 1856 3361 1901 et
3385 1851 3517 1901 uicti
3543 1851 3878 1901 monimenta
3901 1850 4168 1917 Syphacis
4250 1864 4309 1914 59

2817 1923 2873 1966 et
2899 1915 3090 1991 Pyrrhi
3113 1914 3183 1965 ad
3209 1925 3422 1966 nostros
3443 1915 3616 1980 gloria
3638 1915 3812 1965 fracta
3836 1915 4014 1980 pedes,
4247 1918 4311 1965 60

2753 1980 2799 2031 si
2822 1980 3017 2030 muher
3041 1980 3300 2045 patienda
3321 1979 3431 2031 fuit
3450 1986 3470 2030 ’ἰ
3492 1997 3640 2045 cape,
3662 1981 3852 2037 Roma,
3872 1980 4226 2045 triumphum,
4247 1996 4311 2041 49

1758 2057 1841 2109 XI
1876 2058 1976 2120 [X]
2753 2049 2886 2160 hatte
2896 2044 3396 2160 13ξὶἶῖιάἱὲἓῖιὲξο
3419 2044 3575 2160 ῗιθέἒοᾶ
3615 2044 4167 2175 'iregiiffqffiimdioenia
4206 2057 4313 2158 sese

3001 2148 3002 2151 ,
3373 2148 3385 2170 ,
4206 2146 4224 2157 μ

1092 2173 1235 2235 Quid
1258 2172 1469 2234 mirare,
1497 2189 1675 2224 meam
1697 2172 1745 2225 si
1767 2177 1952 2225 uersat
1976 2172 2180 2223 femina
2200 2172 2377 2223 uitam
2948 2177 3108 2224 uant:
4247 2176 4309 2237 65

1154 2242 1210 2288 et
1234 2238 1406 2289 trahit
1427 2238 1710 2288 addictum
1733 2238 1836 2288 sub
1857 2254 1958 2288 sua
1980 2238 2103 2287 iura
2123 2238 2321 2296 uirum,
2818 2238 2913 2289 uix
2938 2239 3132 2289 timeat
3155 2238 3313 2289 saluo
3337 2238 3570 2289 Caoeare
3592 2238 3770 2288 Roma
3793 2238 3996 2289 Iouem.
4245 2239 4309 2287 66

1088 2302 1422 2367 criminaque
1444 2302 1633 2366 ignaui
1656 2302 1852 2366 capitis
1875 2302 2009 2352 mihi
2032 2302 2214 2376 turpia
2238 2302 2413 2365 fingis,
2752 2303 2972 2354 Curtius
2996 2303 3227 2368 expletis
3252 2303 3450 2354 statuit
3473 2304 3806 2354 monimenta
3829 2303 4038 2354 lacunis
4059 2322 4075 2362 ;
4246 2305 4304 2353 61

1154 2366 1297 2431 quod
1323 2382 1588 2431 nequeam
1612 2366 1785 2416 fracto
1808 2382 2053 2431 rumpere
2075 2366 2258 2415 uincla
2281 2366 2444 2430 iugo?
2816 2374 2877 2419 at
2903 2369 3102 2418 Decius
3124 2368 3288 2418 misso
3311 2367 3514 2433 proelia
3536 2368 3683 2432 rupit
3706 2385 3846 2433 equo
3866 2387 3879 2427 ;

1088 2437 1379 2481 uenturam
1407 2430 1601 2481 melius
1626 2429 1898 2496 praesagit
1922 2431 2116 2480 nauita
2139 2436 2367 2480 mortem
2386 2450 2401 2490 ;
2619 2443 2646 2496 5
2752 2432 2974 2484 Coclitis
2998 2432 3261 2482 abscissos
3284 2438 3519 2483 testatur
3542 2433 3738 2483 semita
3763 2438 3952 2498 pontes
3970 2451 3986 2493 ;

1154 2495 1473 2546 uulneribus
1497 2495 1688 2545 didicit
1712 2494 1869 2545 miles
1892 2493 2090 2545 habere
2113 2500 2339 2545 metum.
2816 2502 2900 2547 est
2923 2498 3010 2547 cui
3033 2513 3326 2560 cognomen
3350 2513 3544 2547 coruus
3568 2496 3764 2547 habere
3786 2497 3936 2547 dedit
3956 2517 3967 2547 :

1090 2560 1200 2610 ista
1222 2575 1322 2624 ego
1346 2559 1639 2625 praeterita
1662 2559 1867 2611 iactaui
1893 2559 2059 2610 uerba
2082 2559 2340 2610 iuuenta:
2752 2561 3056 2613 Leucadius
3080 2578 3264 2612 uersas
3287 2562 3431 2612 acies
3457 2562 3777 2613 memorabit
3801 2561 4032 2626 Apollo;
4245 2562 4308 2623 69

1156 2629 1219 2675 ιιι
1243 2641 1386 2675 nunc
1410 2624 1658 2700 exemplo
1682 2624 1827 2675 disce
1852 2624 2040 2675 timere
2066 2640 2198 2674 mee.
2818 2633 3034 2677 tantum
3059 2627 3235 2691 operis
3259 2625 3389 2677 belli
3413 2627 3641 2677 sustulit
3665 2643 3774 2676 una
3796 2627 3926 2677 dies.
4244 2639 4308 2687 70

1090 2688 1304 2740 Colchis
1328 2689 1611 2754 flagrantis
1634 2688 1991 2740 adamantina
2012 2689 2116 2739 sub
2137 2689 2268 2754 iuga
2288 2694 2477 2740 tauros
2751 2695 2812 2742 at
2836 2697 2915 2751 tu,
2943 2692 3060 2741 siue
3084 2696 3234 2767 petes
3258 2696 3445 2756 portus
3469 2708 3581 2750 seu,
3612 2691 3818 2750 nauita,
3847 2690 4077 2756 linques,

1154 2754 1267 2818 egit
1289 2760 1345 2804 et
1367 2754 1637 2819 armigera
1697 2754 1863 2805 roelia
1885 2753 2030 2804 seuit
2053 2753 2236 2815 hum0,
2590 2768 2649 2804 10
2816 2756 3064 2807 Caesaris
3087 2772 3144 2806 111
3169 2761 3285 2807 toto
3306 2756 3381 2806 sis
3405 2772 3609 2807 memor
3634 2755 3823 2806 Ionio.’

1087 2819 1437 2884 custodisque
1461 2819 1602 2871 feros
1625 2836 1653 2869 c
1676 2819 1823 2870 ausit
1846 2819 2112 2883 serpentis
2136 2817 2339 2880 hiatuS,

1153 2884 1256 2934 iret
1279 2890 1344 2934 ιιι
1367 2884 1633 2935 Aesonias
1655 2900 1822 2935 aurea
1844 2883 1974 2934 lana
1993 2883 2195 2933 domos.

1087 2963 1224 2999 ausa
1247 2947 1399 2999 ferox
1422 2948 1493 2999 ab
1515 2965 1656 3014 equo
1716 2948 1952 2999 uondam
1977 2947 2288 3013 obpugnare
2312 2947 2530 3012 sagittis
3392 2920 3506 2972 ΧῙῙ
3541 2919 3671 2983 [XI]

1154 3013 1391 3063 Maeotis
1416 3014 1670 3064 Danaum
1742 3011 2046 3064 enthesilea
2068 3019 2211 3062 rates
2233 3032 2246 3072 ;
2752 3015 3028 3075 Postume,
3057 3014 3354 3080 plorantem
3381 3014 3609 3079 potuisti
3631 3013 3876 3079 linquere
3899 3013 4132 3075 Gallam,

1088 3093 1256 3128 aurea
1278 3078 1365 3128 cui
1390 3082 1677 3143 postquam
1702 3078 1937 3128 nudauit
1959 3077 2173 3127 cassida
2196 3077 2451 3139 frontem,
2592 3088 2647 3143 15
2817 3080 2972 3130 miles
2995 3086 3052 3129 et
3077 3078 3313 3144 Augusti
3337 3078 3503 3129 fortia
3525 3079 3682 3143 signa
3706 3079 3859 3143 sequi
3878 3084 3898 3128 ⁴!

1154 3142 1289 3192 uicit
1313 3142 1573 3193 uictorem
1594 3142 1829 3193 candida
1851 3142 2025 3192 forma
2047 3142 2239 3191 uirum.
2752 3145 2966 3195 tantine
2991 3144 3106 3194 ulla
3128 3144 3236 3194 fuit
3258 3143 3477 3209 spoliati
3498 3142 3671 3207 gloria
3697 3143 3904 3203 Parthi,

1089 3205 1356 3270 Omphale
1380 3207 1435 3256 in
1458 3212 1679 3256 tantum
1702 3207 1907 3257 formae
1967 3206 2187 3255 rocessit
2210 3205 2483 3267 honorem,
2816 3225 2883 3259 ne
2907 3208 3129 3270 faceres,
3157 3207 3320 3259 Galla
3341 3208 3518 3258 multa
3541 3213 3764 3273 rogante
3787 3213 3922 3259 tua?

1155 3269 1332 3336 Lydia
1354 3270 1579 3337 Gygaeo
1603 3270 1779 3321 tincta
1802 3269 1924 3335 puel
1951 3287 1985 3320 a
2007 3268 2147 3331 lacu,
2750 3272 2798 3324 si
2820 3273 2904 3324 fas
2925 3279 3027 3334 est,
3055 3290 3239 3324 omnes
3263 3272 3466 3339 pariter
3558 3273 3721 3323 reatis
3745 3272 3915 3333 auari,
4279 3286 4305 3338 5

1088 3339 1168 3395 ut,
1196 3335 1291 3400 qui
1454 3342 1509 3385 to
1531 3335 1815 3385 statuisset
1839 3335 1895 3384 in
1919 3334 2045 3384 orbe
2067 3334 2364 3395 columnas,
2815 3343 2871 3389 et
2894 3338 3139 3403 quisquis
3164 3338 3271 3388 fido
3295 3344 3486 3402 praetu
3511 3339 3557 3388 it
3579 3354 3730 3388 arma
3747 3343 3866 3388 toro
3891 3343 3901 3388 l

1156 3405 1269 3450 tam
1332 3416 1433 3450 ura
1454 3399 1693 3450 traheret
1716 3398 1903 3449 mollia
1961 3415 2093 3449 ensa
2115 3415 2296 3450 manu.
2586 3415 2651 3450 20
2752 3408 2812 3452 tu
2836 3408 3022 3452 tamen
3047 3402 3248 3453 iniecta
3271 3408 3466 3462 tectus,
3494 3419 3713 3463 uesane,
3741 3401 3958 3453 lacerna

1090 3464 1375 3516 Persarum
1400 3464 1599 3516 statuit
1623 3463 1740 3514 Bab
1779 3463 1905 3514 lona
1950 3463 2240 3514 'emiramis
2265 3463 2454 3514 urbem
2815 3467 3028 3533 potabis
3052 3467 3210 3531 galea
3233 3467 3406 3518 fessus
3430 3468 3631 3517 Araxis
3653 3483 3851 3531 aquam
3874 3488 3884 3517 :

1153 3534 1217 3580 ut
1240 3529 1472 3581 solidum
1494 3534 1651 3580 cocto
1672 3535 1731 3580 to
1754 3529 1889 3580 leret
1911 3545 2108 3594 aggere
2133 3545 2284 3594 opus,
2748 3530 2846 3582 illa
2870 3532 3086 3597 quidem
3112 3532 3322 3583 interea
3346 3531 3494 3582 fama
3515 3532 3759 3583 tabescet
3782 3531 3950 3592 inani,

1086 3599 1142 3646 et
1163 3595 1273 3646 duo
1295 3595 1352 3645 in
1375 3595 1667 3646 aduersum
1690 3594 1839 3646 mitti
1863 3610 1956 3659 per
1979 3594 2191 3644 moenia
2214 3610 2401 3644 currus
2816 3596 2946 3646 haec
2971 3602 3069 3646 tua
3092 3612 3159 3646 ne
3181 3597 3357 3647 uirtus
3382 3597 3479 3647 fiat
3501 3612 3689 3646 amara
3711 3596 3829 3655 tibi,
4253 3611 4310 3647 10

1151 3675 1251 3710 nec
1275 3664 1494 3725 possent
1516 3665 1664 3711 tacto
1686 3659 1949 3734 stringere
1972 3658 2043 3709 ab
2066 3675 2168 3708 axe
2193 3658 2338 3708 latus
2357 3677 2370 3716 ;
2751 3677 2888 3711 neue
2914 3665 3011 3710 tua
3034 3661 3231 3711 Medae
3254 3659 3530 3712 laetentur
3550 3661 3715 3710 caede
3738 3660 3991 3722 sagit-tae,

1086 3723 1251 3775 duxit
1273 3728 1329 3774 et
1355 3725 1689 3790 Euphratem
1714 3723 1970 3781 medlum,
1999 3739 2160 3787 quam
2186 3722 2449 3789 condidit,
2474 3723 2630 3781 arcis,
2814 3725 3017 3775 ferreus
3040 3731 3235 3775 aurato
3257 3742 3365 3775 neu
3388 3724 3769 3790 cataphractus
3792 3741 3948 3790 equO,

1151 3789 1311 3839 iussit
1335 3794 1391 3840 et
1414 3788 1639 3853 imperio
1662 3788 1890 3838 subdere
1913 3787 2315 3852 Bactra‘caput.
2585 3790 2648 3837 26
2750 3805 2887 3840 neue
2911 3789 3118 3854 aliquid
3142 3789 3209 3839 de
3234 3795 3289 3840 te
3312 3789 3548 3840 flendum
3575 3789 3838 3840 referatur
3860 3790 3916 3840 in
3939 3806 4110 3840 urna:

1086 3869 1213 3903 nam
1239 3854 1367 3919 quid
1395 3869 1495 3918 ego
1518 3853 1725 3912 heroas,
1744 3852 1875 3918 quid
1900 3858 2110 3916 raptem
2133 3851 2189 3901 in
2210 3851 2439 3901 crimina
2459 3850 2647 3902 diuos?
2814 3854 2891 3904 sic
2915 3854 3162 3914 redeunt,
3190 3854 3300 3904 illis
3360 3854 3417 3904 ui
3441 3855 3680 3905 cecidere
3706 3853 3850 3904 locis.

1154 3919 1397 3983 Iuppiter
1421 3918 1653 3968 infamat
1675 3934 1842 3992 seque
1864 3933 2128 3981 suamque
2152 3916 2388 3966 domum.
2749 3923 2835 3969 ter
2857 3924 3050 3984 quater
3073 3919 3128 3969 in
3153 3926 3308 3969 casta
3354 3919 3463 3969 elix
3486 3937 3518 3968 o
3543 3919 3799 3968 Postume
3822 3918 4001 3980 Galla,
4248 3932 4301 3984 15

1086 3982 1236 4049 quid,
1266 3983 1424 4032 modo
1447 3999 1587 4048 quae
1610 3989 1810 4032 nostris
1834 3981 2121 4046 obprobria
2144 3981 2357 4032 uexerit
2379 3981 2549 4032 armis
2813 3984 3052 4033 moribus
3075 3983 3159 4033 his
3182 3983 3294 4034 alia
3315 3984 3542 4048 coniuge
3565 3983 3618 4033 di
3699 3999 3761 4033 us
3786 3999 3918 4033 erae.

1151 4053 1208 4098 et
1232 4047 1465 4097 famulos
1488 4048 1630 4098 inter
1653 4046 1859 4097 femina
1881 4047 2018 4096 trita
2039 4051 2203 4096 suos?
2585 4060 2649 4110 30
2749 4047 2879 4113 quid
2906 4048 3070 4099 faciet
3093 4047 3244 4098 nullo
3267 4048 3480 4098 munita
3504 4049 3626 4112 puel
3651 4064 3685 4098 a
3709 4047 3918 4108 timore,

1085 4111 1328 4174 coniugii
1348 4111 1565 4162 obsceni
1589 4112 1823 4176 pretium
1851 4111 2099 4161 Romana
2122 4109 2365 4175 poposcit
2813 4128 2938 4162 cum
2962 4112 3034 4162 sis
3059 4112 3324 4171 luxuriae,
3354 4112 3544 4172 Roma,
3571 4112 3833 4176 magistra
3856 4117 3985 4162 tuae
4005 4117 4026 4162 ἲ

1151 4176 1365 4225 moenia
1388 4180 1445 4226 et
1467 4174 1713 4225 addictos
1736 4176 1793 4225 in
1816 4191 1917 4224 sua
1938 4190 2103 4249 regna
2125 4181 2319 4238 patres.
2747 4176 2841 4226 sed
2866 4193 3088 4227 securus
3110 4193 3203 4228 eas
3227 4197 3238 4228 ι
3276 4177 3493 4227 Gallam
3518 4193 3626 4226 non
3650 4192 3876 4227 munera
3899 4177 4138 4238 uincent,

1086 4240 1251 4290 noxia
1276 4238 1629 4298 Alexandria,
1656 4239 1795 4288 dolis
1819 4255 1851 4288 a
1894 4239 2104 4288 tissima
2126 4238 2308 4297 tellus,
2813 4241 3154 4307 duritiaeque
3179 4246 3307 4292 tuae
3332 4258 3438 4292 non
3462 4242 3566 4292 erit
3589 4241 3686 4291 illa
3708 4257 3924 4291 memor.
4240 4256 4306 4292 20

1150 4309 1207 4354 et
1230 4304 1431 4353 totiens
1456 4309 1639 4353 nostro
1665 4303 1850 4378 Memp
1892 4303 1908 4352 i
1932 4308 2158 4352 cruenta
2181 4302 2341 4362 malm
2748 4320 2874 4355 nam
2898 4322 3128 4371 quocum
3171 4323 3238 4357 ue
3261 4306 3350 4356 die
3373 4306 3588 4356 saluum
3613 4311 3669 4356 te
3694 4306 3810 4356 fata
3835 4306 4136 4367 remittent,

1085 4372 1194 4420 tres
1217 4368 1313 4418 ubi
1340 4367 1593 4433 Pompeio
1614 4367 1855 4418 detraxit
1879 4367 2083 4417 harena
2106 4366 2408 4432 triumphos
2583 4380 2644 4432 35
2812 4370 3069 4435 pendebit
3092 4387 3154 4420 co
3178 4370 3230 4420 10
3254 4370 3415 4420 Galla
3439 4370 3635 4435 pudica
3659 4378 3766 4420 tuo.

1150 4449 1294 4492 una:
1331 4432 1613 4498 Philippeo
1635 4432 1899 4498 sanguine
1922 4431 2104 4482 inuste
2126 4437 2329 4492 notam,
2579 4447 2646 4494 40
2750 4433 3042 4485 Postumus
3065 4434 3205 4485 alter
3228 4434 3332 4485 erit
3356 4434 3604 4485 miranda
3626 4435 3852 4499 coniuge
3876 4434 4082 4486 Vlixes.

1084 4497 1254 4549 issent
1279 4497 1576 4574 Phlegraeo
1600 4496 1792 4548 melius
1816 4496 1917 4547 tibi
1942 4496 2135 4547 funera
2156 4512 2363 4562 campo,
2582 4511 2643 4560 37
2811 4515 2917 4549 non
2942 4498 3023 4549 illi
3048 4498 3241 4564 longae
3265 4504 3347 4549 tot
3371 4516 3599 4550 nocuere
3622 4515 3802 4550 morae
3823 4519 3836 4558 ;

1149 4562 1237 4613 uel
1263 4569 1362 4614 tua
1384 4580 1429 4613 ει
1452 4579 1633 4613 socero
1655 4563 1795 4613 colla
1816 4561 2045 4613 daturus
2068 4577 2202 4612 eras.
2580 4563 2642 4625 38
2745 4569 2925 4614 castra
2960 4563 3144 4614 decem
3176 4580 3458 4625 annorum,
3486 4570 3544 4616 et
3581 4564 3841 4615 Ciconum
3874 4564 4063 4617 ·l·mons
4099 4564 4304 4615 Ismara

1083 4628 1306 4689 scilicet,
1334 4628 1528 4679 incesti
1552 4628 1809 4679 meretrix
1833 4627 2021 4693 regina
2044 4625 2269 4692 Canopi,
2580 4641 2643 4691 39
2690 4611 2694 4682 l
2939 4635 3118 4695 capta,
4242 4645 4269 4679 2
4276 4643 4302 4694 5

1200 4759 1245 4803 X
1277 4761 1336 4804 15
1366 4766 1409 4806 te
1440 4775 1537 4817 qua
1568 4760 1826 4816 DV(‘.')L‚
1861 4761 2070 4818 denique
2102 4761 2153 4807 F.
2220 4761 2293 4815 17,
2328 4760 2388 4803 18
2416 4773 2512 4805 om.
2550 4760 2610 4806 N.
2653 4761 2801 4818 pelles
2832 4759 2890 4815 O,
2926 4774 3046 4805 corr.
3073 4759 3155 4806 fv.
3220 4760 3280 4802 19
3299 4759 3385 4805 ⁴ubi
3404 4759 3468 4813 N,
3486 4758 3576 4804 tibi
3596 4759 3653 4805 Ο.
3721 4759 3779 4801 23
3809 4761 4063 4805 nocturnis
4079 4769 4139 4813 52,
4177 4774 4295 4804 corr.

1084 4820 1290 4866 Housm.
1330 4833 1494 4877 pauca
1524 4819 1584 4864 Ο.
1660 4820 1720 4863 25
1751 4822 1975 4865 amiticia
2008 4819 2242 4875 Broukh.,
2275 4820 2510 4864 conuiuia
2545 4829 2602 4865 52.
2682 4820 2740 4863 25
2765 4824 3029 4876 perstrepet
3058 4828 3117 4874 52,
3152 4832 3272 4863 corr.
3309 4818 3344 4863 f.
3421 4818 3480 4861 28
3504 4819 3718 4874 oranius
3750 4817 4032 4873 Beroaldus,
4064 4819 4302 4874 manib-us

1084 4889 1143 4924 52.
1214 4878 1271 4921 31
1304 4879 1425 4924 thal.
1461 4882 1503 4923 et
1537 4892 1573 4923 s.
1610 4878 1668 4924 O.
1792 4877 1860 4920 xl
1892 4879 1922 4921 5
1956 4884 2212 4923 uenturam
2248 4880 2547 4935 corruptum,
2585 4880 2780 4923 iactura
2813 4877 3072 4931 Lendrum,
3109 4877 3223 4922 fort.
3265 4875 3507 4932 masmae
3542 4878 3966 4933 iam—praemis.
4014 4882 4204 4922 monem
4240 4887 4298 4930 52,

1082 4942 1264 4983 noctem
1293 4936 1316 4983 f
1345 4951 1442 4993 mg.
1477 4950 1508 4980 v
1538 4950 1653 4992 mg„
1690 4936 1849 4982 multa
1884 4937 2127 4981 coniecere
2157 4935 2249 4981 uiri
2282 4935 2428 4982 docti.
2494 4937 2555 4979 14
2583 4937 2760 4981 Meotis
2791 4937 2836 4981 N
2856 4935 2879 4981 f
2898 4950 3012 4993 mg„
3049 4937 3199 4981 nectis
3231 4935 3284 4988 L,
3325 4936 3518 4981 iniectis
3554 4934 3661 4982 AF.
3727 4935 3786 4978 15
3816 4937 3899 4980 cui
3934 4934 3978 4979 N
3999 4934 4022 4980 f
4037 4949 4083 4989 v,
4118 4938 4205 4992 qui
4239 4936 4296 4980 O.

1084 4997 1143 5040 17
1163 5009 1347 5041 nouum
1367 5009 1562 5041 carmen
1583 4995 1633 5040 in
1651 4995 1689 5040 F
1705 5013 1760 5055 μ..
1805 4996 2078 5051 omphalt'ae
2098 4996 2145 5040 D
2163 4995 2210 5038 V
2226 4993 2298 5049 (ἲ),
2319 4995 2545 5040 Maeonis
2577 4995 2780 5040 Housm.
2846 4995 2903 5037 21
2923 5008 3107 5039 ιιυιιιιιιι
3139 5008 3332 5040 carmen
3363 4995 3413 5038 in
3435 4995 3479 5039 Ο
3496 5010 3552 5048 μ.
3617 4994 3675 5037 22
3697 4995 3903 5049 cinon-et
3930 4993 4180 5039 Fonteine.
4244 4994 4303 5036 23

1083 5056 1215 5100 mim
1244 5053 1449 5111 Tyrrell,
1484 5056 1623 5099 missi
1652 5063 1710 5099 52.
1775 5054 1836 5097 24
1866 5068 1924 5098 nc
1946 5064 1999 5100 A.
2076 5054 2134 5097 25
2164 5067 2261 5110 qua
2293 5053 2340 5097 N
2362 5053 2385 5097 f
2404 5066 2500 5109 mg.
2526 5068 2570 5098 ν.
2625 5067 2759 5099 arces
2779 5062 2838 5108 52,
2873 5068 2993 5099 corr.
3019 5052 3194 5098 Baehr.
3263 5054 3321 5097 25
3353 5066 3545 5109 surpere
3564 5061 3622 5104 52,
3657 5067 3776 5097 corr.
3814 5053 3979 5098 Burm.
4005 5053 4180 5098 senior.
4244 5052 4302 5096 27

1086 5113 1289 5159 erimine
1309 5122 1368 5166 52,
1393 5126 1514 5157 corr.
1538 5127 1583 5158 v.
1648 5114 1707 5156 29
1739 5118 1931 5158 nexerat
1956 5130 1988 5156 s-
2009 5112 2116 5158 edd.
2143 5111 2303 5157 multi.
2368 5112 2426 5154 81
2459 5114 2678 5168 coniuyis
2707 5121 2766 5166 52,
2800 5126 2920 5157 corr.
2957 5112 3089 5157 Pass.
3155 5114 3214 5155 35
3244 5117 3340 5158 tres
3371 5121 3407 5157 A
3432 5111 3493 5165 N,
3519 5125 3596 5156 res
3616 5111 3668 5166 L,
3693 5111 3774 5156 hec
3795 5110 3847 5156 F.
3895 5111 3985 5156 tibi
4004 5120 4037 5155 Φ
4053 5127 4107 5165 μ.
4173 5111 4231 5154 36
4251 5115 4302 5155 et

1081 5173 1143 5215 40
1163 5172 1293 5216 inter
1312 5184 1364 5215 se
1384 5173 1568 5228 transp.
1596 5170 1740 5216 Lach.
1806 5172 1866 5214 38
1887 5185 1968 5217 nec
1990 5176 2024 5217 t.
2048 5172 2117 5216 sic
2138 5171 2346 5216 Housm.
2409 5171 2469 5213 89
2490 5183 2600 5215 nou.
2629 5170 2690 5216 el.
2711 5180 2757 5216 Φ.
2821 5171 2883 5215 40
2903 5172 3062 5216 inuste
3083 5184 3169 5214 nos
3191 5171 3262 5225 (-a
3284 5169 3349 5225 τ),
3370 5171 3547 5215 adusta
3571 5179 3629 5215 52.
3678 5174 3838 5214 notam
3861 5184 3963 5224 nos,
3989 5174 4102 5214 ποια
4119 5178 4176 5214 Ω.
4241 5170 4302 5211 45

1084 5243 1289 5285 conopon
1310 5228 1591 5285 Beroaldus,
1618 5233 1847 5286 canopeia
1869 5238 1926 5275 Ω.
2000 5231 2059 5273 46
2089 5230 2232 5274 dares
2253 5227 2426 5282 Palm„
2452 5228 2572 5274 darc
2591 5238 2650 5284 Ω,
2675 5230 2796 5274 dare
2815 5235 2858 5275 et
2879 5247 2926 5276 τ.
3000 5229 3149 5272 57-68
3178 5231 3252 5275 ita
3281 5227 3630 5283 ordinauimus,
3664 5228 3812 5272 51-58
3843 5227 4109 5284 (Bonam),
4132 5228 4296 5284 47-48,

1084 5289 1245 5343 87-88,
1271 5289 1420 5331 59-60
1434 5286 1628 5343 (Pasa),
1647 5289 1809 5343 49-60,
1829 5289 1990 5343 55-88,
2009 5289 2169 5333 ‹xl-64.
2222 5288 2283 5331 48
2305 5292 2443 5332 uocat
2461 5297 2515 5333 A.
2579 5288 2638 5331 51
2659 5288 2792 5332 uada
2809 5298 2841 5332 Φ
2859 5287 2920 5333 Ν.
2976 5290 3035 5331 55
3056 5288 3170 5332 haec
3189 5304 3236 5342 τ,
3257 5287 3341 5332 hoc
3358 5296 3414 5332 52.
3470 5288 3528 5330 56
3548 5288 3679 5332 dixit
3694 5291 3736 5331 et
3753 5296 3813 5343 52,
3831 5301 3951 5331 corr.
3972 5301 4073 5332 nos.
4127 5287 4186 5329 58
4202 5300 4296 5332 om.

1085 5348 1145 5393 N.
1184 5348 1426 5405 femineas
1446 5347 1611 5391 timuit
1631 5346 1741 5401 (hoc
1762 5360 1856 5392 om.
1879 5346 1932 5400 Φ)
1952 5357 2011 5401 Ω,
2037 5361 2156 5392 corr.
2179 5359 2281 5391 nos.
2346 5346 2404 5389 81
2430 5345 2714 5401 Cur-(Dure
2731 5347 2879 5400 D)ius
2899 5357 2959 5392 Ω.
3023 5347 3082 5391 52
3103 5360 3162 5391 ac
3178 5355 3214 5391 Δ
3234 5346 3287 5400 L,
3311 5345 3524 5390 admisso
3537 5346 3648 5391 Dec.
3670 5344 3795 5391 Scal.
3861 5346 3920 5389 ⁸³
3939 5345 4102 5402 abdab
4121 5345 4303 5400 Meiros

1084 5416 1133 5461 Φ,
1158 5406 1372 5451 adu-isos
1391 5405 1453 5451 N.
1508 5406 1568 5448 ⁶4
1588 5410 1655 5451 est
1675 5406 1894 5459 Puccius‚
1921 5409 1964 5450 et
1982 5414 2040 5451 52.
2095 5406 2155 5448 65
2185 5404 2504 5450 condiderant
2525 5406 2583 5461 O,
2608 5419 2727 5450 corr.
2756 5405 3017 5451 Liuineius.
3150 5403 3244 5447 xn
3262 5405 3293 5446 ί
3303 5404 3469 5461 facias
3490 5404 3548 5450 Ο.
3613 5405 3641 5448 7
3663 5405 3840 5449 intecta
3860 5413 3918 5450 52.
3978 5404 4036 5447 12
4056 5404 4129 5451 ita
4148 5403 4195 5449 D
4213 5404 4236 5449 f
4250 5419 4295 5458 v,

1083 5466 1394 5520 cataphracta
1414 5474 1447 5509 Φ
1466 5463 1526 5509 N.
1597 5465 1657 5507 14
1677 5467 1721 5509 si
1740 5465 1932 5508 credent
1954 5464 2012 5518 Ο,
2038 5466 2083 5508 εἰ
2102 5465 2305 5510 credunt
2327 5463 2388 5517 Ν,
2414 5478 2535 5508 corr.
2561 5478 2606 5509 v.
2681 5464 2741 5507 18
2759 5478 2868 5508 cum
2888 5474 2947 5520 52,
2973 5465 3056 5508 oui
3076 5462 3229 5508 Palm.
3274 5465 3343 5508 sis
3365 5462 3537 5516 Palm„
3562 5464 3626 5507 sit
3647 5472 3704 5507 52.
3751 5476 3866 5508 suae
3887 5479 3933 5508 «τ.
4001 5463 4061 5505 25
4079 5476 4217 5508 mom
4237 5473 4295 5516 52,

1084 5537 1261 5569 mnus
1281 5523 1446 5580 Lach.,
1468 5524 1611 5568 Mars
1632 5522 1819 5579 Mucll„
1844 5523 2014 5568 domus
2033 5522 2228 5577 Baehr.,
2252 5521 2351 5569 alia
2370 5522 2469 5568 alii.
2515 5527 2656 5580 capta
2675 5522 2927 5579 Fonteine,
2952 5523 3085 5579 calpe
3106 5521 3144 5567 F
3161 5522 3224 5577 N,
3250 5522 3377 5579 calpe
3394 5531 3430 5567 Δ
3452 5522 3504 5577 L,
3529 5521 3643 5567 fort.
3664 5522 3853 5567 lemare
3873 5526 4021 5578 capte,
4048 5520 4110 5568 cf.
4133 5521 4204 5568 11.
4225 5522 4297 5568 68.
