4890 6561
1656 536 1824 590 SEX.
1874 530 2265 588 PROPERTI
2302 532 2452 588 LIB.
2503 535 2572 587 ΙΙ
2611 535 2758 602 [ΙΙΙ]
3746 539 3806 588 21

593 717 893 778 numquam
918 705 1173 768 septenas
1195 706 1382 754 noctes
1406 701 1653 778 seiuncta
1674 703 1919 779 cubareS,

655 767 893 818 candida
912 772 1025 818 tam
1050 767 1209 819 foedo
1232 767 1485 818 bracchia
1507 767 1632 819 fusa
1654 784 1792 829 u1r0,

592 847 700 883 non
724 832 1162 908 quia-peccarim,
1190 837 1361 883 testor
1382 838 1456 893 te,
1484 832 1578 883 sed
1602 833 1734 898 quia
1755 833 1923 900 uulgo
2091 845 2152 899 25
2206 874 2207 883 ,

658 896 909 947 formosis
931 896 1130 947 leuitas
1154 913 1366 962 semper
1387 897 1565 948 amica
1586 896 1709 949 fuit.

594 960 860 1012 barbarus
883 962 1123 1012 excussis
1146 962 1327 1027 agitat
1349 962 1584 1027 uestigia
1606 961 1808 1014 lumbis

658 1030 716 1077 et
739 1026 1078 1077 subito'ieli‘ff
1101 1041 1244 1076 nunc
1269 1042 1392 1077 mea
1414 1042 1581 1091 regna
1604 1031 1767 1078 tenet.

593 1094 654 1141 at
676 1096 740 1142 ιιι
765 1107 909 1141 nunc
932 1093 1133 1149 nostro,
1163 1090 1367 1152 Venus,
1393 1108 1426 1141 o
1449 1107 1699 1143 succurre
1722 1091 1910 1155 dolori,
2094 1105 2151 1157 13

655 1161 877 1221 rumpat
900 1160 964 1206 ut
986 1155 1221 1206 assiduis
1245 1155 1488 1206 membra
1509 1155 1842 1210 libidinibus.
2094 1171 2154 1219 14

594 1219 817 1271 nullane
840 1220 1052 1271 sedabit
1076 1225 1284 1271 nostros
1308 1220 1509 1271 iniuria
1532 1220 1733 1272 fletus?
2089 1236 2147 1287 31

657 1300 708 1345 a,
735 1284 889 1335 dolor
912 1284 998 1335 hic
1022 1285 1175 1335 uitiis
1199 1285 1371 1336 nescit
1395 1285 1584 1336 abesse
1608 1285 1734 1336 tuis

594 1353 682 1401 tot
703 1349 815 1399 iam
839 1349 1018 1401 abiere
1042 1350 1175 1411 dies,
1202 1366 1326 1401 cum
1350 1366 1437 1401 me
1460 1366 1559 1402 nec
1581 1366 1711 1401 cura
1735 1349 1940 1401 theatri

659 1430 759 1465 nec
782 1413 974 1479 tetigit
998 1414 1189 1480 Campi
1214 1431 1312 1465 nec
1335 1430 1459 1464 mea
1481 1430 1669 1466 mensa
1690 1415 1862 1465 iuuat.

592 1494 643 1539 ‘¹’
657 1478 1676 1595 l'udffiffigsseguffiessssssiffigssfflo
1699 1480 1819 1595 32⁰⁶
1841 1479 2019 1542 “iunt’
2088 1491 2150 1545 ³⁵

542 1618 552 1633 '
591 1560 983 1670 cernuepducem,
1011 1609 1171 1659 modo
1193 1609 1289 1674 qui
1312 1608 1535 1659 fremitu
1558 1608 1852 1674 compleuit
1874 1608 2027 1660 inani
2047 1617 2181 1657 alu..

657 1672 826 1723 Actia
848 1672 1123 1723 damnatis
1146 1673 1689 1740 aequoraffmilitibus.

592 1736 736 1788 hunc
759 1737 981 1788 infamis
1004 1754 1156 1788 amor
1178 1738 1349 1790 uersis
1375 1738 1505 1789 dare
1528 1742 1611 1788 ter
1649 1755 1683 1789 a
1704 1738 1903 1789 carinis

658 1801 820 1853 iussit
843 1807 900 1853 et
923 1808 1167 1853 extremo
1190 1818 1447 1869 quaerere
1471 1802 1528 1852 in
1552 1820 1611 1853 or
1701 1803 1905 1868 fugam.
2086 1818 2152 1865 40

592 1865 871 1931 (Caesaris
892 1866 1026 1917 haec
1048 1867 1227 1918 uirtus
1250 1873 1307 1918 et
1328 1866 1502 1933 gloria
1524 1867 1773 1918 Caesaris
1796 1867 1929 1919 haec
1952 1872 2069 1920 est:

656 1930 771 1999 11.-12,
798 1948 910 1997 qna
931 1932 1083 1992 uicit,
1111 1932 1353 1982 condidit
1377 1948 1530 1982 arma
1552 1932 1771 1998 manu.)

590 1995 685 2047 sed
709 2012 1079 2071 quascumque
1096 1995 1195 2047 tibi
1212 2001 1409 2057 uestes,
1431 1987 1703 2062 quoscum
1734 2012 1801 2048 ue
1814 1996 2146 2063 smaragdos,

655 2076 861 2127 quosue
883 2060 1035 2112 ded1t
1058 2060 1203 2112 flauo
1227 2061 1432 2112 lumine
1454 2060 1520 2111 ch
1587 2014 1832 2122 solitims,

589 2122 723 2176 haec
746 2125 964 2176 uideam
987 2126 1206 2191 rapidas
1229 2126 1285 2176 in
1310 2142 1512 2176 uanum
1562 2142 1678 2177 erre
1702 2125 1961 2192 procellas
1981 2144 1997 2187 3
2084 2138 2149 2191 45

653 2205 794 2254 quae
818 2189 918 2240 tibi
944 2196 1104 2251 terra,
1133 2190 1317 2252 uelim,
1344 2206 1486 2256 quae
1508 2190 1610 2241 tibi
1633 2190 1733 2242 fiat
1756 2207 1915 2266 aqua.
2084 2193 2150 2254 46

591 2253 769 2321 aspice
792 2254 921 2330 quid
946 2254 1104 2306 donis
1130 2255 1392 2322 Eriphyla
1413 2255 1630 2307 inuenit
1652 2271 1872 2319 amans,
2085 2271 2149 2319 29

654 2326 849 2369 arserit
872 2325 926 2371 et
950 2319 1172 2385 quantis
1197 2326 1370 2386 nupta
1394 2320 1598 2372 Creusa
1620 2320 1796 2371 malis.
2086 2334 2151 2385 30

590 2398 697 2434 non
720 2400 930 2449 semper
952 2384 1199 2450 placidus
1221 2385 1463 2450 periuros
1487 2384 1626 2436 ridet
1648 2389 1900 2436 amantes
2084 2400 2147 2449 47

657 2447 903 2524 Iuppiter
924 2455 979 2500 et
1003 2449 1170 2499 surda
1192 2449 1430 2515 neglegit
1453 2465 1585 2500 aure
1608 2464 1805 2515 preces,

588 2511 804 2563 uidistis
829 2518 945 2564 toto
968 2514 1181 2565 sonitus
1204 2530 1509 2580 percurrere
1531 2514 1681 2565 caelo

653 2576 887 2628 fulmina
926 2594 994 2629 ue
1016 2579 1275 2630 aetherea
1297 2578 1581 2630 desiluisse
1604 2578 1764 2629 domo
1786 2599 1798 2631 :
2087 2591 2151 2644 5ο

588 2656 698 2693 non
723 2642 857 2717 haec
881 2595 1131 2718 ffleiades
1154 2643 1366 2694 faciunt
1390 2659 1565 2718 neque
1588 2659 1826 2719 aquosus
1850 2643 2036 2705 Orion,
2104 2698 2109 2703 ,

656 2722 755 2757 nec
778 2723 855 2758 sic
878 2707 946 2758 de
969 2707 1143 2758 nihilo
1167 2707 1406 2758 numinis
1428 2724 1511 2758 ira
1533 2708 1682 2758 cadit
1705 2728 1718 2760 :

589 2771 831 2836 periuras
856 2776 988 2823 tunc
1010 2772 1104 2824 ille
1127 2772 1266 2823 solet
1291 2772 1482 2839 punire
1507 2771 1733 2838 puellas,

652 2835 911 2901 deceptus
934 2837 1193 2913 quoniam
1218 2836 1372 2888 fleuit
1394 2842 1452 2889 et
1474 2837 1606 2902 ipse,
1634 2836 1785 2888 deus.

588 2915 757 2965 quare
781 2917 850 2951 ne
872 2901 975 2952 tib1
998 2902 1072 2952 sit
1094 2901 1241 2954 tanti
1266 2902 1491 2953 Sidonia
1513 2902 1701 2963 uestis,
2086 2912 2147 2969 55

653 2970 719 3016 ιιι
743 2965 955 3028 timeas,
982 2967 1235 3033 quotiens
1257 2966 1480 3018 nubilus
1502 2967 1709 3018 Auster
1730 2964 1851 3017 erit.

1130 3171 1301 3224 XVII
1335 3172 1449 3236 [111
1484 3173 1592 3237 IX]

589 3287 816 3340 Mentiri
840 3293 1073 3349 noctem,
1100 3288 1378 3354 promissis
1400 3289 1595 3340 ducere
1617 3292 1913 3351 amantem,

652 3353 753 3404 hoc
776 3354 884 3405 erit
904 3352 1137 3414 infectas
1160 3354 1426 3419 sanguine
1451 3353 1649 3404 habere
1674 3369 1884 3404 manus.

588 3434 734 3469 nunc
757 3418 932 3469 iacere
954 3434 984 3469 e
1007 3418 1143 3468 duro
1165 3435 1358 3484 corpus
1381 3417 1558 3480 iuuat,
1585 3418 1772 3484 impia,
1799 3433 1951 3482 sax0,
2091 3430 2148 3482 13

651 3499 864 3534 sumere
887 3488 942 3535 et
966 3483 1023 3532 in
1046 3487 1263 3534 nostras
1286 3482 1421 3534 trita
1442 3499 1656 3534 uenena
1677 3498 1887 3533 manus.
2090 3496 2149 3545 14

587 3546 779 3598 horum
804 3563 904 3623 ego
927 3563 1048 3598 sum
1072 3553 1249 3608 uates,
1277 3548 1530 3614 quotiens
1550 3547 1802 3599 desertus
1825 3562 2041 3599 amaras
2120 3561 2149 3612 3

654 3612 874 3678 expiem
899 3618 1102 3673 noctes,
1130 3611 1336 3662 fractus
1359 3618 1589 3677 utroque
1614 3617 1746 3663 tor0.

588 3676 676 3728 uel
703 3681 766 3727 tu
792 3677 1063 3728 Tantalea
1085 3693 1337 3728 moneare
1360 3677 1430 3727 ad
1454 3676 1682 3727 flumina
1702 3680 1864 3739 sorte,
2118 3689 2146 3743 5

652 3746 717 3792 ιιι
740 3741 778 3792 li
819 3757 917 3791 uor
939 3741 1117 3792 arenti
1141 3740 1301 3792 fallat
1323 3741 1395 3792 ab
1416 3757 1509 3792 ore
1526 3741 1676 3792 sitim
1696 3759 1710 3801 3

588 3805 678 3857 uel
704 3810 765 3856 tu
831 3806 1074 3871 isyphios
1097 3805 1225 3857 licet
1253 3805 1517 3857 admirere
1540 3805 1768 3868 labores,

654 3870 872 3922 difficile
895 3878 958 3921 ut
982 3876 1102 3922 toto
1125 3879 1310 3921 monte
1335 3870 1549 3922 uolutet
1572 3887 1709 3920 onus
1730 3890 1743 3921 ε

590 3933 781 3986 durius
806 3935 860 3985 in
886 3935 1047 3986 terris
1070 3934 1208 3986 nihil
1232 3940 1318 3986 est
1339 3935 1484 4001 quod
1508 3935 1667 3985 uiuat
1690 3937 1929 3996 amante,

653 4015 769 4060 nec,
797 4000 957 4050 modo
980 4000 1028 4050 si
1050 3999 1249 4066 sapias,
1278 4000 1422 4075 quod
1447 4000 1627 4050 minus
1651 4015 1769 4050 esse
1791 3998 1945 4050 uelis.
2089 4013 2151 4050 10

590 4080 755 4131 quem
781 4064 938 4114 modo
961 4064 1177 4115 felicem
1201 4064 1416 4115 inuidia
1436 4064 1724 4115 adridente
1746 4063 2014 4127 ferebant,

653 4145 798 4180 nunc
821 4129 1031 4180 decimo
1053 4128 1320 4180 admittor
1342 4129 1438 4180 uix
1462 4145 1562 4194 ego
1585 4145 1801 4195 quoque
1825 4128 1930 4180 die.

588 4209 687 4246 nec
710 4193 838 4246 licet
861 4194 917 4244 in
943 4193 1125 4244 triuiis
1147 4193 1291 4245 sicca
1312 4193 1646 4260 requiescere
1670 4193 1804 4245 luna
2092 4204 2147 4258 15

652 4263 753 4309 aut
774 4274 871 4324 per
893 4258 1121 4309 rimosas
1145 4258 1367 4310 mittere
1390 4258 1559 4310 uerba
1580 4258 1738 4309 force.

588 4322 734 4390 quod
758 4323 1013 4388 quamuis
1036 4323 1117 4373 ita
1139 4323 1229 4384 sit,
1257 4322 1532 4374 dominam
1558 4329 1772 4374 mutare
1795 4320 1998 4374 cauebo
2020 4342 2034 4374 ε

654 4392 771 4439 tum
797 4386 968 4450 flebit,
994 4403 1119 4439 cum
1142 4387 1201 4439 in
1224 4403 1311 4439 me
1335 4387 1565 4440 senserit
1589 4404 1703 4439 esse
1730 4387 1904 4439 tidem.

1073 4589 1273 4642 XVIII
1308 4589 1419 4653 [111
1454 4589 1526 4652 X,
1564 4590 1674 4654 XI]

586 4701 889 4778 (Assiduae
912 4701 1102 4778 multis
1124 4701 1310 4778 odium
1335 4719 1587 4779 peperere
1610 4701 1895 4779 querelaez

651 4767 926 4833 frangitur
948 4783 1006 4817 ιιι
1030 4771 1202 4818 tacito
1225 4766 1433 4819 femina
1453 4784 1617 4835 saepe
1640 4783 1776 4821 mro,

698 4899 811 4944 m
828 4901 889 4944 23
911 4914 1163 4957 nunquam
1184 4900 1360 4956 Palm,
1384 4914 1483 4947 non
1513 4901 1633 4958 quia
1653 4909 1712 4948 Ω.
1757 4900 1952 4947 cubaria
1972 4911 2031 4958 Ω,

2257 699 3430 833 8Ῑῖᾞὲεῗᾷᾱηῗᾶιέιέῗιὲἰρῗέἓῗιέἓῗεῖἒὶἶῗαῖ)

2258 832 2389 897 quid
2415 847 2537 883 mea
2559 831 2606 882 si
2629 830 2778 882 canis
2800 837 2953 881 aetas
2977 836 3326 881 marcesceret
3349 829 3526 892 annis,
3783 841 3811 894 5

2322 900 2378 946 et
2400 896 2606 947 faceret
2627 895 2820 946 scissas
2844 894 3106 960 languida
3127 911 3263 960 ruga
3284 900 3487 960 genas?

2256 964 2316 1010 at
2339 976 2447 1011 non
2472 960 2696 1011 Tithoni
2719 976 2976 1026 spernens
3000 960 3215 1010 Aurora
3236 964 3511 1011 senectam

2321 1025 2599 1076 desertum
2623 1025 2740 1076 an
2760 1041 2922 1090 passa
2945 1024 3119 1075 iacere
3141 1024 3302 1074 domo
3325 1028 3408 1075 est
3431 1044 3443 1076 z

2255 1088 2353 1140 illa
2373 1089 2503 1140 deos
2526 1105 2741 1140 currum
2764 1090 3127 1140 conscendens
3148 1089 3294 1140 dixit
3315 1088 3548 1155 iniquos,
3753 1103 3811 1152 13

2320 1154 2561 1206 inuitum
2584 1161 2642 1205 et
2665 1154 2825 1205 terris
2848 1154 3122 1220 praestitit
3146 1153 3378 1204 officium
3403 1173 3417 1213 3
3750 1168 3808 1216 14

2254 1217 2408 1269 illum
2433 1236 2594 1284 saepe
2617 1220 2732 1269 suis
2756 1219 3018 1270 decedens
3042 1218 3185 1269 fouit
3206 1218 3264 1269 in
3286 1218 3488 1279 ulnisffl
3502 1246 3520 1269 a
3537 1252 3594 1269 μ,
3615 1250 3631 1263 „,
3779 1232 3812 1280 9

2319 1300 2410 1334 nec
2433 1284 2581 1350 prius
2604 1284 2888 1334 abiunctos
2910 1283 3100 1334 sedula
3123 1282 3264 1333 lauit
3287 1280 3453 1349 &ffuos
3477 1302 3488 1333 z
3753 1297 3813 1333 10

2253 1346 2409 1398 illum
2434 1348 2505 1398 ad
2530 1348 2738 1399 uicinos
2760 1364 2882 1399 cum
2907 1348 3161 1413 amplexa
3223 1347 3484 1398 uiesceret
3507 1346 3689 1409 Indos,
3754 1361 3771 1396 1
3787 1362 3805 1396 1

2319 1418 2564 1463 maturos
2585 1413 2782 1463 iterum
2807 1418 2890 1463 est
2911 1417 3108 1478 questa
3129 1428 3186 1462 re
3227 1413 3303 1463 ire
3327 1412 3457 1463 dies.
3752 1426 3810 1462 12

2253 1477 2341 1529 cui
2365 1477 2574 1528 maiora
2594 1478 2740 1528 senis
2763 1477 2990 1528 Tithoni
3007 1476 3212 1542 gaudia
3235 1476 3352 1526 uiui
3753 1489 3809 1540 15

2319 1558 2484 1608 quam
2508 1542 2692 1607 grauis
2713 1542 2914 1593 amisso
2937 1542 3230 1592 Memnone
3253 1541 3434 1591 luctus
3457 1545 3592 1591 erat.

2252 1622 2375 1658 cum
2400 1623 2529 1658 sene
2554 1622 2659 1657 non
2679 1606 2882 1682 puduit
2905 1605 3074 1657 talem
3096 1605 3327 1656 dormire
3351 1605 3590 1671 puellam

2318 1676 2374 1724 et
2396 1688 2565 1723 canae
2591 1678 2791 1722 totiens
2815 1670 2999 1722 oscula
3022 1670 3159 1722 ferre
3183 1686 3369 1721 comae
3391 1691 3403 1721 :

2253 1740 2313 1786 at
2336 1741 2398 1787 tu
2421 1737 2590 1787 etiam
2614 1736 2868 1787 iuuenem
2892 1735 3056 1786 odisti
3081 1752 3184 1795 me,
3211 1735 3433 1801 perfida,
3460 1750 3584 1785 cum
3606 1734 3682 1785 sis

2288 1812 2291 1817 ·
2317 1800 2436 1877 ipsa
2459 1817 2597 1851 anus
2621 1800 2757 1851 haut
2781 1801 2943 1865 longa
2965 1816 3134 1850 curua
3156 1799 3344 1850 futura
3365 1799 3467 1849 die.
3745 1812 3810 1849 20

2252 1881 2384 1931 qum
2410 1881 2510 1932 ego
2532 1865 2789 1916 deminuo
2811 1881 3014 1925 curam,
3042 1865 3187 1930 quod
3211 1880 3371 1929 saepe
3395 1863 3605 1939 Cupido

2317 1930 2445 1981 huic
2467 1929 2646 1981 malus
2669 1947 2787 1982 esse
2809 1930 2950 1981 solet
2972 1930 3061 1980 cui
3079 1930 3252 1981 bonus
3275 1934 3406 1980 ante
3429 1928 3554 1980 fuit.

2254 2058 2415 2109 Nunc
2438 2059 2608 2111 etiam
2633 2058 2863 2110 infectos
2885 2057 3106 2109 demens
3128 2057 3347 2109 imitare
3371 2057 3686 2118 BritannOS,

2315 2122 2462 2175 ludis
2484 2128 2540 2175 et
2563 2129 2789 2175 externo
2811 2123 2988 2174 tincta
3011 2123 3188 2174 nitore
3212 2128 3417 2188 caput?

2251 2191 2315 2238 ιιι
2339 2194 2538 2240 natura
2560 2189 2728 2250 dedit,
2756 2189 2833 2238 sic
2856 2187 3030 2237 omnis
3054 2192 3202 2239 recta
3225 2187 3399 2252 figura
3421 2191 3537 2239 est:
3748 2198 3809 2251 25

2317 2254 2492 2367 turpis
2517 2253 2764 2303 Romano
2789 2252 3037 2317 Belgicus
3062 2268 3151 2302 ore
3174 2251 3330 2303 color.

2250 2316 2334 2368 illi
2356 2334 2420 2368 su
2481 2319 2640 2369 terris
2664 2317 2799 2369 fiant
2822 2316 2970 2368 mala
2992 2316 3168 2367 multa
3190 2315 3422 2381 puellae,

2315 2399 2456 2449 quae
2480 2382 2717 2433 mentita
2738 2398 2866 2433 suas
2888 2382 3059 2433 uertit
3082 2381 3269 2446 inepta
3291 2397 3487 2432 comaS.

2248 2462 2320 2497 an
2345 2447 2391 2497 si
2414 2447 2662 2498 caeruleo
2685 2446 2953 2512 quaedam
2978 2462 3079 2496 sua
3101 2450 3348 2511 tempora
3370 2444 3496 2495 fuco
3745 2457 3804 2509 31

2317 2512 2562 2571 tinxerit,
2590 2511 2788 2562 idcirco
2810 2510 3029 2562 caerula
3051 2510 3225 2561 forma
3249 2510 3390 2560 bona
3412 2513 3532 2561 est?
3744 2523 3808 2574 32

2249 2575 2405 2627 deme
2428 2595 2442 2636 3
2479 2576 2613 2626 mihi
2637 2593 2730 2642 per
2754 2581 2810 2627 te
2832 2576 3032 2642 poteris
3057 2574 3293 2626 formosa
3315 2574 3487 2625 uideri
3509 2592 3525 2635 3
3744 2588 3810 2637 29

2314 2642 2389 2691 mi
2413 2640 2650 2691 formosa
2674 2645 2763 2692 sat
2785 2658 2861 2702 οε,
2888 2640 2936 2690 si
2960 2639 3117 2690 modo
3140 2656 3299 2715 saepe
3324 2640 3492 2689 uenis.
3745 2653 3811 2703 30

2249 2720 2371 2756 cum
2398 2705 2498 2756 tibi
2523 2722 2619 2756 nec
2644 2705 2812 2756 frater
2835 2720 2932 2755 nec
2955 2705 3030 2755 sit
3053 2704 3154 2755 tibi
3178 2704 3322 2753 filius
3348 2703 3509 2766 ullus,
3741 2717 3805 2767 33

2315 2769 2484 2821 frater
2506 2786 2606 2835 ego
2629 2776 2687 2822 et
2710 2770 2813 2821 tibi
2836 2770 2939 2820 sim
2964 2768 3107 2819 filius
3132 2785 3273 2819 unus
3297 2785 3414 2833 eg0,

2249 2834 2365 2900 ipse
2388 2840 2521 2886 tuus
2543 2851 2754 2900 semper
2776 2833 2877 2885 tibi
2902 2833 2974 2883 sit
2996 2833 3244 2884 custodia
3266 2832 3458 2895 lectus,
3746 2843 3807 2896 35

2316 2915 2415 2950 nec
2438 2899 2601 2949 nimis
2624 2902 2820 2950 ornata
2843 2897 3020 2949 fronte
3042 2897 3227 2949 sedere
3253 2897 3402 2948 uelis.

2251 2965 2499 3029 (credam
2523 2980 2622 3030 ego
2645 2963 2910 3024 narranti,
2938 2962 3050 3013 noli
3073 2962 3430 3025 committere,
3457 2961 3636 3013 famae
3658 2981 3671 3013 t

2315 3034 2375 3081 et
2397 3034 2600 3080 terram
2623 3044 2806 3080 rumor
2828 3027 3072 3080 transilit
3096 3032 3150 3079 et
3173 3027 3398 3093 maria.)

2807 3233 2947 3286 XIX
2970 3233 3079 3297 [ΙΙΙ
3103 3233 3242 3297 XII]

2251 3347 2371 3399 Etsi
2396 3363 2483 3398 me
2505 3346 2685 3398 inuito
2708 3346 2957 3408 discedis,
2987 3346 3245 3423 Cynthia,
3273 3347 3468 3409 Roma,

2316 3413 2490 3463 laetor
2512 3412 2654 3488 quod
2681 3411 2798 3464 sine
2822 3428 2907 3463 me
2931 3412 3095 3463 deuia
3117 3428 3244 3463 rura
3266 3411 3424 3463 coleS.

2249 3477 2436 3529 nullus
2461 3483 2564 3528 erit
2587 3477 2752 3527 castis
2774 3476 2990 3528 iuuenis
3012 3484 3291 3542 corruptor
3314 3477 3370 3527 in
3394 3477 3557 3542 agris,

2315 3541 2412 3607 qui
2436 3547 2492 3593 te
2515 3540 2801 3592 blanditiis
2826 3558 2932 3591 non
2957 3541 3103 3592 sinat
3126 3557 3243 3592 esse
3304 3541 3489 3591 robam
3512 3560 3528 3601 3

2251 3606 2367 3657 ulla
2390 3622 2459 3657 ne
2499 3622 2566 3656 ue
2589 3610 2720 3657 ante
2745 3611 2870 3656 tuas
2894 3606 3098 3656 orietur
3120 3606 3239 3656 rixa
3286 3610 3548 3667 enestras,
3779 3618 3807 3671 5

2316 3687 2415 3722 nec
2439 3675 2483 3720 ιι
2523 3670 2543 3720 i
2565 3671 2833 3721 clamatae
2857 3687 3077 3720 somnus
3101 3686 3318 3721 amarus
3341 3670 3460 3720 erit.

2251 3734 2370 3786 sola
2390 3735 2496 3787 eris
2519 3740 2576 3786 et
2600 3734 2742 3785 solos
2764 3734 3052 3800 spectabis,
3082 3734 3340 3800 Cynthia,
3368 3739 3581 3786 montes

2316 3805 2373 3851 et
2396 3816 2559 3866 pecus
2582 3805 2641 3850 et
2665 3799 2798 3851 fines
2820 3799 3071 3865 pauperis
3095 3799 3379 3864 agricolae.

2251 3863 2365 3916 illic
2386 3870 2444 3916 te
2469 3864 2607 3914 nulli
2632 3869 2892 3930 poterunt
2913 3880 3252 3929 corrumpere
3276 3863 3392 3914 ludi

2316 3928 2556 4004 fanaque
2579 3928 2815 3994 peccatis
2837 3929 3076 3995 plurima
3099 3945 3265 3980 causa
3289 3929 3431 3980 tuis:
3751 3942 3809 3978 10

2250 3993 2363 4045 illic
2385 3993 2603 4044 assidue
2625 3999 2810 4044 tauros
2832 3993 3102 4059 spectabis
3125 3998 3345 4044 arantes

2315 4063 2373 4110 et
2395 4059 2568 4108 uitem
2591 4058 2754 4109 docta
2775 4073 2969 4123 ponere
2993 4058 3131 4109 falce
3153 4074 3351 4119 comae,

2251 4139 2286 4174 a
2351 4139 2420 4173 ue
2443 4123 2520 4172 ibi
2546 4139 2668 4173 rara
2689 4122 2829 4173 feres
2852 4122 3060 4173 inculto
3084 4128 3208 4173 tura
3232 4121 3449 4183 sacello,
3470 4131 3642 4184 acu-Q

2355 4187 2523 4238 aedus
2548 4187 2641 4237 ubi
2665 4187 2895 4237 aarestis
2918 4192 3135 4238 corruet
3158 4192 3287 4238 ante
3310 4181 3474 4249 focos,

2252 4253 2499 4319 protinus
2523 4256 2582 4303 et
2604 4230 2754 4302 nucfa
2775 4252 2996 4303 choreas
3019 4251 3305 4302 imitabere
3328 4267 3489 4312 sura3
3752 4264 3810 4317 15

2317 4317 2502 4369 omnia
2523 4316 2594 4367 ab
2616 4323 2843 4367 externo
2865 4316 2979 4367 sint
3002 4316 3160 4367 modo
3183 4321 3311 4367 tnta
3332 4316 3465 4366 uiro.

2251 4382 2367 4448 ipse
2389 4398 2491 4447 ego
2513 4382 2784 4432 uenabor:
2820 4381 2929 4431 iam
2954 4397 3099 4431 nunc
3123 4397 3209 4431 me
3231 4396 3386 4431 sacra
3409 4379 3623 4432 Dianae

2319 4448 2589 4513 suscipere
2612 4451 2670 4496 et
2694 4445 2920 4497 Veneris
2942 4462 3139 4511 ponere
3163 4450 3296 4496 uota
3316 4445 3478 4496 iuuat
3500 4465 3512 4497 ι

2253 4511 2511 4577 incipiam
2535 4516 2755 4577 captare
2777 4510 2921 4562 feras
2945 4516 3001 4561 et
3023 4509 3246 4561 reddere
3269 4510 3402 4575 pinu

2317 4592 2523 4627 cornua
2545 4580 2602 4626 et
2625 4575 2858 4625 audaces
2881 4575 2994 4640 ipse
3017 4590 3234 4626 monere
3258 4590 3417 4625 canes
3438 4592 3455 4635 3
3749 4587 3815 4624 20

2253 4656 2363 4691 non
2387 4646 2572 4691 tamen
2595 4645 2661 4691 ut
2684 4645 2870 4690 uastos
2891 4639 3067 4690 ausim
3095 4644 3362 4705 temptare
3384 4638 3567 4690 leones

2318 4710 2418 4756 aut
2441 4704 2584 4756 celer
2601 4709 2842 4769 agrestes
2865 4704 3166 4754 comminus
3189 4704 3268 4754 ire
3289 4719 3427 4754 sues.

2253 4769 2387 4822 haec
2410 4769 2582 4836 igitur
2605 4768 2739 4819 mihi
2762 4768 2837 4820 sit
2860 4768 3066 4834 lepores
3089 4768 3322 4819 audacia
3342 4767 3533 4819 molles

2056 4915 2178 4948 corr.
2205 4901 2337 4948 Itali.
2402 4901 2462 4945 27
2483 4899 2768 4957 aduam-it
2789 4899 2857 4955 N)
2879 4909 2937 4948 Ω.
3002 4900 3075 4955 13,
3101 4901 3161 4944 14
3178 4902 3291 4957 poet
3311 4900 3370 4944 28
3389 4903 3574 4958 transp.
3601 4901 3807 4948 Housm.

588 4959 662 5016 29,
687 4960 747 5003 30
775 4961 888 5018 post
908 4960 967 5003 46
999 4962 1185 5017 transp.
1212 4959 1423 5005 Carutti.
1488 4959 1548 5002 32
1575 4960 1644 5005 ah
1666 4959 1830 5016 Laeli„
1856 4974 1925 5006 an
1945 4969 1989 5006 Ω
2010 4960 2142 5019 quod
2161 4960 2347 5007 seruari
2365 4960 2552 5030 poterit
2571 4960 2614 5005 si
2634 4961 2800 5005 ullane
2818 4959 2949 5016 legas
2970 4959 3022 5004 in
3043 4959 3116 5005 31.
3160 4961 3265 5005 suis
3285 4969 3343 5005 Ω.
3408 4960 3468 5002 34
3486 4973 3626 5005 musa
3647 4977 3680 5003 ⁴.-
3696 4960 3810 5007 edd.

588 5018 823 5123 Bleriffizie.
888 5019 947 5062 85
966 5019 1032 5063 ah
1056 5029 1112 5075 Δ,
1134 5023 1188 5064 at
1219 5018 1258 5063 F
1274 5017 1337 5064 N.
1401 5019 1476 5074 41,
1499 5018 1561 5062 42
1591 5018 1670 5063 hic
1700 5017 1884 5064 alienos
1905 5033 2009 5065 esse
2029 5020 2184 5089 sensit
2204 5021 2458 5090 Fonteme,
2556 5078 2565 5088 ·
2677 5078 2687 5087 ι
3090 5077 3100 5086 ⁸
3215 5076 3225 5087 .
3647 5079 3656 5088 .

640 5110 652 5123 .
1606 5079 1719 5135 post
1751 5078 1810 5121 18
1846 5077 1991 5123 Lach.
2029 5092 2114 5136 qm
2141 5093 2193 5124 m
2228 5079 2286 5122 13
2316 5078 2445 5125 subet
2475 5077 2608 5130 legit.
2673 5092 2724 5123 m
2747 5078 2775 5120 3
2796 5077 2975 5122 harum
2995 5091 3118 5122 eom.
3144 5075 3400 5122 Wimbolt.
3464 5079 3494 5122 7
3524 5091 3558 5122 a
3585 5091 3811 5124 mucro-e

779 5111 792 5133 ,
837 5077 898 5120 14
929 5078 1043 5135 post
1074 5077 1104 5120 2
1133 5079 1319 5134 transp.
1347 5077 1572 5132 Housm„

584 5135 759 5182 Baehr.
824 5136 853 5178 9
874 5136 1154 5182 admirante
1169 5145 1230 5192 Ω,
1248 5149 1370 5181 corr.
1386 5149 1474 5181 nos
1487 5135 1550 5181 cf.
1569 5136 1715 5182 Mart.
1735 5135 1783 5178 V
1798 5135 1841 5182 6.
1859 5136 1902 5182 5.
1969 5138 2029 5180 14
2048 5142 2172 5183 tetra
2193 5154 2240 5184 «r.

2483 5022 2595 5077 post
2617 5018 2695 5064 111
2716 5018 2788 5064 11.
2813 5018 2873 5063 38
2902 5023 3085 5076 transp.
3112 5018 3317 5064 Housm.
3441 5017 3576 5061 xvn
3596 5020 3623 5061 1
3637 5018 3816 5075 fallere

2364 5135 2525 5180 xvm
2547 5137 2636 5179 14
2650 5136 2729 5182 hic
2745 5136 2928 5181 alienos
2945 5150 3048 5181 esse
3069 5136 3261 5181 monuit
3275 5135 3528 5192 Rossberg.
3592 5136 3622 5180 δ
3643 5151 3746 5183 mea
3768 5139 3814 5184 n*

587 5194 650 5250 N,
675 5196 721 5240 si
752 5195 856 5239 iam
889 5193 947 5240 Ο.
991 5198 1296 5240 mrcesceret
1317 5193 1507 5250 Heius„
1532 5207 1639 5239 mea
1671 5199 1861 5240 caneret
1893 5194 1953 5249 Ο,
1979 5201 2241 5242 canesceret
2271 5196 2335 5249 N,
2370 5200 2602 5240 marceret
2633 5195 2743 5251 (hoe
2769 5193 2950 5250 Palm.)
2981 5194 3040 5240 ab
3069 5196 3218 5241 annis
3248 5194 3455 5240 Housm.
3519 5196 3549 5239 7
3568 5199 3621 5240 αι
3642 5209 3672 5239 v
3693 5209 3808 5253 mg„

582 5267 652 5314 an
673 5262 730 5298 Ω.
796 5253 825 5295 9
846 5252 999 5298 undis
1018 5262 1077 5298 Ω.
1143 5253 1203 5296 10
1222 5266 1305 5298 nec
1326 5267 1428 5309 nos,

619 5369 826 5416 rioribus
849 5368 1077 5415 Kumoel.
1123 5374 1238 5416 tune
1258 5371 1406 5415 etiam
1426 5370 1631 5416 Housm.

585 5487 673 5532 sed
693 5488 768 5545 33,
792 5487 852 5530 34
871 5486 986 5532 fort.
1020 5486 1099 5532 hic
1128 5486 1277 5533 alieni
1298 5486 1427 5533 sicut
1456 5489 1623 5533 censet
1656 5487 1863 5533 Housm.
1929 5488 2002 5543 37,
2028 5489 2087 5532 38

583 5548 729 5592 recte.
857 5544 1323 5592 m1Etaeineme
1355 5555 1408 5591 Δ.
1473 5547 1738 5593 sscolisn.
1801 5547 1835 5590 4

746 5311 756 5321 .
1040 5312 1049 5322 .
1454 5266 1603 5310 quam
1623 5262 1681 5299 Ω.
1726 5254 1982 5299 adiunctos
1998 5263 2052 5310 Δ,
2080 5255 2339 5300 aduinctos
2368 5254 2430 5308 N,
2457 5268 2551 5300 om.
2584 5253 2659 5310 ΡΙ,
2684 5267 2804 5299 corr.
2830 5253 2955 5323 Scal.
3021 5253 3094 5308 13,
3129 5255 3190 5297 14
3217 5257 3334 5299 ante
3364 5255 3393 5297 3
3424 5256 3609 5311 transp.
3635 5254 3805 5301 Burm.

585 5311 644 5355 1³
674 5324 755 5357 cm
789 5310 906 5365 FN,
932 5324 1047 5380 quot
1074 5324 1243 5368 vmg.,
1277 5322 1477 5368 quaeA.
1542 5311 1601 5355 20
1630 5312 1767 5357 haud
1795 5311 1832 5368 f,
1867 5317 1958 5382 qut
1990 5321 2049 5358 Ω.
2113 5315 2173 5357 22
2203 5312 2506 5382 ἠπίαιΝῐν,
2530 5326 2666 5358 nunc
2686 5312 2743 5357 O.
2809 5326 2890 5357 cm
2920 5312 3023 5357 FN

638 5428 796 5473 oeufft
827 5427 911 5482 al..
951 5432 1075 5474 certe
1104 5437 1162 5474 Ω.
1229 5429 1289 5472 30
1317 5432 1393 5474 aaz
1413 5441 1460 5474 es
1481 5428 1671 5484 Heius„
1696 5371 1924 5475 anag?
1945 5371 2360 5489 ῗῗῗεὲἶκξξάἆὲ
2372 5371 2781 5487 Ιξτῒιίιῖεἳῗᾞαείιτ.
2846 5429 2905 5498 31
2935 5442 3073 5474 succo
3096 5440 3149 5476 Δ.
3218 5430 3279 5473 34

2172 5490 2355 5535 ttinere
2379 5488 2443 5534 ad
2465 5488 2584 5545 eleg.
2611 5488 2668 5534 19
2698 5491 2891 5533 monuit
2913 5488 3118 5533 Housm.
3187 5488 3246 5531 38
3267 5493 3424 5557 terras
3445 5488 3668 5565 Gguyetus
3689 5488 3806 5559 fort.

583 5604 768 5651 summ
789 5618 893 5650 w
912 5606 1061 5663 putat
1082 5604 1287 5651 nomm·
1352 5605 1411 5649 18
1440 5605 1638 5653 Veneris
1658 5546 2091 5663 Hommw
2121 5549 2207 5654 nN,
2241 5562 2395 5594 mcmn
2416 5557 2470 5593 Δ.
2534 5549 2564 5590 δ
2585 5548 2729 5594 nulla
2750 5557 2809 5604 Ω,
2833 5561 2957 5595 corr.
2985 5545 2999 5568 ‘
3016 5546 3307 5594 Commehm
3327 5546 3465 5593 liber.
3546 5547 3697 5592 17-24
3728 5547 3807 5594 hic

2672 5371 2730 5414 ιο
2756 5370 2888 5416 deme
2908 5322 3259 5427 Par.’7‘{›¹{¹3}³,‘⁵5te
3277 5312 3351 5417 ἐξ
3369 5316 3756 5419 ἒᾳὶηῗῖῗωωδ
3770 5328 3814 5419 εἶ

3307 5443 3404 5486 eoo,
3435 5430 3612 5488 interp.
3679 5430 3805 5489 aley,

2245 5607 2304 5651 20
2324 5620 2516 5653 mouere
2536 5606 2594 5654 Ο.
