4890 6561
1068 514 1135 562 42
2151 510 2319 564 SEX.
2368 510 2758 564 PROPERTI
2798 510 2948 562 LIB.
2999 508 3039 560 I
3044 507 3092 561 V
3137 508 3239 573 [V]

1072 691 1130 816 {¹¹
1169 674 1927 801 ematzfffzzffzzssssssswffii
1951 740 1998 790 is
2020 678 2142 791 3320·
2160 744 2270 792 tuo.
2571 687 2631 742 ⁷⁵

1073 804 1166 856 1lle
1192 805 1480 870 paludosos
1503 811 1763 856 memoret
1785 805 1988 856 seruire
2011 805 2358 871 Sugambros,

1140 869 1414 935 Cepheam
1438 870 1525 921 hic
1551 870 1770 921 Meroen
1794 870 2054 936 fuscaque
2077 886 2244 936 regna
2267 873 2449 933 canat,

1075 933 1162 985 hic
1185 935 1383 986 referat
1404 951 1523 986 sero
1545 935 1850 986 confessum
1873 935 2087 986 foedere
2112 935 2378 986 Parthum
2399 955 2411 987 ε

1145 1004 1159 1027 ‘
1179 999 1373 1051 reddat
1396 1000 1552 1065 signa
1578 1000 1754 1061 Remi,
1781 1016 1907 1051 mox
1932 1000 2088 1051 dabit
2111 1000 2226 1065 ipse
2249 1017 2381 1052 sua:
2569 1001 2636 1053 80

1075 1064 1193 1116 siue
1216 1064 1426 1130 aliquid
1451 1063 1718 1131 pharetris
1742 1065 2034 1131 Augustus
2056 1071 2242 1131 parcet
2266 1065 2414 1126 Eois,

1141 1129 1360 1181 differat
1383 1130 1440 1181 in
1465 1145 1656 1196 pueros
1678 1129 1789 1181 ista
1812 1136 1895 1180 tro
1999 1146 2034 1181 a
2055 1146 2200 1181 suos.

1075 1194 1272 1260 gaude,
1301 1194 1511 1255 Crasse,
1539 1194 1722 1260 nigras
1744 1194 1888 1261 siqui
1948 1195 2095 1260 sapis
2116 1195 2263 1246 inter
2283 1193 2548 1247 harenas:

1142 1259 1222 1310 ire
1246 1276 1340 1325 per
1366 1259 1681 1326 Euphraten
1706 1259 1775 1310 ad
1800 1266 1899 1311 tua
1920 1259 2083 1310 busta
2104 1259 2271 1311 licet.'

1077 1323 1155 1375 sic
1178 1331 1390 1375 noctem
1451 1331 1618 1386 atera,
1645 1324 1723 1376 sic
1745 1325 1940 1375 ducam
1965 1325 2221 1387 carmine,
2249 1324 2419 1376 donec
2573 1325 2635 1390 85

1144 1389 1334 1441 iniciat
1459 1390 1534 1441 'os
1557 1390 1615 1441 in
1639 1406 1761 1442 mea
1783 1390 1914 1441 uina
1937 1389 2067 1443 dies.

1803 1595 1916 1647 VII

1083 1711 1226 1763 Sunt
1248 1710 1459 1777 aliquid
1484 1711 1677 1762 Manes
1698 1731 1711 1762 ε
1748 1709 1920 1761 letum
1943 1726 2051 1761 non
2076 1709 2259 1761 omnia
2281 1709 2420 1772 finit,

1149 1775 1434 1842 luridaque
1457 1776 1728 1827 extinctos
1751 1775 1943 1841 effugit
1967 1775 2160 1827 umbra
2183 1791 2353 1839 rogos.

1084 1840 1326 1907 Cynthia
1347 1856 1582 1906 namque
1606 1857 1726 1891 meo
1748 1840 1870 1891 uisa
1892 1846 1976 1892 est
1998 1840 2307 1891 incumbere
2329 1839 2519 1902 fulcro,

1149 1922 1395 1956 murmur
1418 1905 1488 1956 ad
1512 1909 1789 1957 extremae
1814 1921 1989 1971 nuper
2010 1906 2239 1956 humata
2260 1905 2404 1967 uiae,

1083 1971 1317 2037 pomosis
1340 1971 1487 2022 Anio
1509 1986 1619 2037 qua
1640 1970 1901 2036 spumifer
1922 1970 2147 2021 incubat
2169 1971 2335 2032 aruis,
2579 1970 2638 2020 81

1149 2041 1205 2088 et
1230 2052 1527 2101 numquam
1556 2035 1823 2086 Herculeo
1845 2035 2068 2087 numine
2091 2035 2262 2101 pallet
2284 2036 2435 2097 ebur,
2578 2038 2642 2085 82

1084 2117 1208 2152 cum
1233 2100 1368 2151 mihi
1390 2116 1612 2152 somnus
1636 2099 1708 2151 ab
1730 2100 1976 2167 exequiis
1999 2100 2261 2166 penderet
2282 2116 2519 2162 amarus,
2613 2113 2640 2165 5

1150 2171 1207 2216 et
1229 2182 1480 2232 quererer
1503 2165 1631 2216 lecti
1654 2165 1854 2231 frigida
1877 2181 2043 2231 regna
2066 2165 2186 2217 mei.

1084 2230 1302 2282 eosdem
1326 2230 1521 2282 habuit
1544 2246 1743 2290 secum,
1771 2230 1970 2306 quibus
1993 2234 2078 2281 est
2100 2230 2265 2290 elata,
2292 2228 2536 2296 capillos,

1150 2295 1366 2347 eosdem
1390 2295 1572 2346 oculos
1592 2316 1604 2347 ε
1642 2295 1801 2346 laten
1823 2294 1994 2346 uestis
2017 2294 2215 2346 adusta
2238 2294 2363 2357 fuit,

1084 2365 1141 2412 et
1164 2360 1387 2411 solitum
1411 2359 1583 2426 digito
1607 2360 1849 2427 beryllon
1873 2360 2134 2411 adederat
2156 2359 2316 2435 ignis,

1150 2441 1472 2491 summaque
1496 2425 1768 2476 Lethaeus
1792 2425 2023 2476 triuerat
2045 2441 2142 2475 ora
2164 2424 2355 2490 liquor.
2586 2438 2648 2474 10

1086 2490 1453 2557 spirantisque
1476 2490 1688 2540 animos
1712 2493 1770 2541 et
1791 2506 1978 2540 uocem
2004 2489 2171 2549 misit,
2198 2495 2255 2540 et
2278 2488 2362 2540 illi

1152 2554 1437 2621 pollicibus
1461 2554 1682 2619 fragiles
1704 2553 2016 2630 increpuere
2039 2570 2265 2606 manus:
2359 2608 2367 2615 ,

1091 2623 1105 2647 ‘
1126 2619 1328 2686 perfide
1350 2636 1448 2671 nec
1471 2619 1724 2685 cuiquam
1752 2619 1940 2670 mehor
1962 2619 2223 2685 sperande
2247 2618 2482 2684 puellae,

1151 2684 1208 2736 in
1233 2688 1288 2735 te
1314 2684 1422 2735 iam
1446 2684 1589 2735 uires
1611 2701 1833 2735 somnus
1857 2684 2055 2735 habere
2080 2689 2259 2749 potest
2277 2689 2299 2734 ’ἱ

1087 2749 1267 2801 iamne
1291 2749 1395 2801 tibi
1418 2748 1737 2801 exciderunt
1761 2749 2008 2814 uigilacis
2032 2748 2181 2800 furta
2203 2749 2451 2801 Suburae
2585 2760 2643 2813 15

1153 2820 1210 2866 et
1234 2830 1355 2866 mea
1378 2814 1656 2865 nocturnis
1681 2814 1813 2865 trita
1835 2814 2076 2865 fenestra
2098 2814 2272 2866 dolis?

1087 2895 1370 2996 “3133
1390 2878 1630 2996 33:333?
1640 2879 2184 2996 izuffissfssssffibinfflff
2200 2878 2457 2995 spemndi’

1087 3008 1650 3140 ffligsser‘sss'iussssssff
1658 3009 2300 3140 {i'fflffirsstuffissm
2325 3009 2500 3060 mim
2582 3087 2648 3124 20

1088 3139 1320 3191 foederis
1342 3139 1451 3190 heu
1474 3139 1649 3199 taciti,
1675 3139 1831 3190 cuius
1855 3138 2076 3190 fallacia
2100 3138 2268 3192 uerba

1153 3221 1262 3256 non
1285 3204 1529 3256 audituri
1551 3203 1822 3269 diripuere
1848 3204 1982 3256 Noti
2005 3210 2016 3255 2

1089 3274 1151 3323 at
1175 3269 1307 3321 mihi
1329 3286 1440 3321 non
1463 3269 1647 3321 oculos
1669 3269 1961 3336 quisquam
1983 3267 2306 3321 inclamauit
2329 3267 2546 3322 euntis:

1154 3351 1326 3386 unum
1349 3335 1706 3401 inpetrassem
1732 3340 1788 3386 te
1810 3340 2099 3386 reuocante
2123 3335 2299 3386 diem:

1088 3416 1187 3452 nec
1211 3399 1422 3466 crepuit
1443 3399 1571 3450 fissa
1593 3415 1680 3450 me
1702 3404 1919 3465 propter
1940 3398 2245 3451 harundine
2267 3403 2469 3462 custos,
2582 3413 2613 3451 2
2618 3411 2646 3464 5

1155 3464 1316 3516 laesit
1337 3470 1393 3516 et
1415 3464 1688 3515 obiectum
1711 3463 1902 3530 tegula
1922 3469 2080 3515 curta
2102 3468 2280 3530 caput.

1089 3529 1325 3596 denique
1346 3529 1470 3596 quis
1494 3534 1679 3580 nostro
1700 3545 1928 3580 curuum
1952 3534 2008 3581 te
2033 3529 2221 3580 funere
2246 3528 2408 3591 uidit,

1153 3601 1331 3646 atram
1354 3594 1477 3661 quis
1500 3593 1738 3646 lacrimis
1760 3593 2052 3645 incaluisse
2073 3599 2298 3670 togam?

1087 3659 1136 3711 si
1157 3660 1338 3736 piguit
1360 3665 1543 3725 portas
1566 3659 1716 3710 ultra
1738 3658 2037 3725 procedere,
2064 3662 2124 3710 at
2145 3659 2279 3711 illuc

1152 3725 1402 3776 iussisses
1423 3725 1624 3776 lectum
1649 3724 1853 3776 lentius
1875 3724 1952 3775 ire
1978 3740 2175 3776 meum.
2583 3739 2648 3790 30

1088 3805 1185 3841 cur
1208 3795 1402 3841 uentos
1425 3806 1533 3840 non
1558 3789 1672 3855 ipse
1695 3789 1853 3855 rogis,
1881 3789 2113 3855 ingrate,
2141 3788 2364 3855 petisti?

1153 3871 1249 3906 cur
1270 3855 1441 3906 nardo
1463 3854 1717 3905 flammae
1741 3870 1847 3905 non
1873 3854 2055 3906 oluere
2078 3870 2230 3905 meae
2249 3859 2270 3905 ‘2

1087 3919 1188 3970 hoc
1212 3920 1378 3971 etiam
1402 3935 1569 3987 graue
1593 3924 1730 3980 erat,
1757 3918 1912 3970 nulla
1933 3919 2178 3971 mercede
2201 3918 2526 3986 hyacinthos

1155 3985 1353 4037 inicere
1377 3993 1434 4036 et
1458 3984 1631 4035 fracto
1653 3984 1817 4035 busta
1839 3984 1987 4051 piare
2010 3984 2159 4036 cado.

1087 4066 1229 4116 quae
1253 4049 1412 4101 modo
1428 4066 1524 4116 per
1546 4049 1684 4101 uiles
1705 4049 1791 4101 ins
1890 4055 1952 4102 ta
1974 4054 2060 4101 est
2083 4048 2301 4115 publica
2323 4054 2527 4111 noctes,
2582 4063 2646 4113 39

1155 4115 1286 4166 haec
1311 4130 1454 4166 nunc
1478 4120 1672 4166 aurata
1694 4131 1722 4165 c
1763 4130 1791 4166 c
1886 4130 1916 4165 e
1938 4114 2121 4180 signat
2145 4114 2373 4165 humum
2396 4133 2411 4176 ς
2580 4128 2647 4177 40

1088 4185 1144 4231 te
1168 4180 1411 4245 patiente
1435 4196 1587 4231 meae
1609 4195 1707 4230 con
1750 4179 1868 4230 auit
1890 4179 2145 4245 imaginis
2166 4195 2380 4240 aurum,
2579 4191 2644 4241 47

1151 4244 1371 4295 ardenti
1391 4260 1421 4296 e
1444 4251 1629 4296 nostro
1650 4243 1835 4295 dotem
1859 4244 2115 4296 habitura
2134 4260 2292 4310 rogo:
2578 4245 2644 4306 48

1088 4314 1144 4361 et
1168 4310 1421 4374 grauiora
1443 4325 1498 4360 re
1535 4309 1690 4360 endit
1711 4309 1915 4375 iniquis
1936 4325 2108 4375 pensa
2129 4307 2395 4375 quasillis,
2579 4323 2638 4372 41

1151 4373 1374 4438 garrula
1395 4373 1462 4425 de
1509 4374 1625 4425 acie
1646 4374 1693 4424 si
1732 4390 1806 4425 ua
1830 4374 2013 4425 locuta
2035 4390 2159 4425 mea
2180 4378 2296 4425 est:

1085 4444 1382 4515 nostraque
1405 4439 1548 4505 quod
1574 4439 1712 4490 Peta
1734 4455 1763 4489 e
1787 4438 1919 4490 tulit
1941 4439 2011 4489 ad
2038 4438 2375 4490 monimenta
2395 4453 2639 4500 coronas,

1150 4504 1347 4555 codicis
1370 4503 1621 4555 inmundi
1644 4503 1865 4555 uincula
1886 4505 2059 4555 sentit
2082 4519 2250 4555 anus:

1086 4569 1333 4621 caeditur
1355 4575 1412 4621 et
1434 4569 1638 4636 Lalage
1661 4569 1821 4621 tortis
1842 4585 2105 4636 suspensa
2126 4567 2355 4634 capillis,
2578 4580 2641 4633 45

1206 4713 1273 4757 vl
1304 4714 1364 4758 76
1395 4713 1701 4771 ροσίειέοΝ.
1745 4714 1910 4760 imm
1942 4723 2001 4769 Ω,
2032 4726 2153 4759 corr.
2188 4710 2313 4757 Scal.
2377 4710 2437 4754 79
2470 4710 2585 4756 haec
2616 4709 2669 4764 F,
2701 4709 2787 4754 hoc
2818 4708 2883 4755 D.
2914 4707 3053 4766 ferro
3084 4707 3192 4754 AF.
3257 4708 3315 4751 ⁸1
3345 4707 3530 4764 aliquis
3557 4716 3615 4751 Ω.
3669 4706 3729 4749 85
3751 4719 3910 4750 uocem
3930 4704 4044 4750 OD.

2194 4775 2307 4829 post
2337 4771 2369 4813 4
2398 4783 2488 4815 nos
2517 4770 2591 4825 81,
2623 4769 2683 4812 82
2714 4771 2885 4826 transp

1084 4774 1316 4820 extinctos
1345 4773 1499 4828 Pasa„
1535 4775 1749 4819 evinctos
1779 4772 1838 4827 Ο,
1873 4774 2052 4818 euictos
2083 4787 2129 4818 τ.

2799 691 2894 742 per
2914 691 3113 727 nomen
3136 674 3395 742 quoniam
3418 678 3503 726 est
3526 690 3662 727 ausa
3684 691 3874 742 rogare
3897 692 4095 729 meum.

2734 757 2840 792 non
2865 745 3051 792 tamen
3074 740 3325 802 insector,
3353 740 3607 806 quamuis
3630 757 3886 803 mereare,
3914 741 4196 808 Properti:
4232 755 4300 805 49

2798 806 2961 871 longa
2986 821 3107 857 mea
3129 805 3186 856 in
3211 804 3362 856 libris
3387 822 3553 871 regna
3575 805 3726 857 fuere
3750 806 3878 859 tuis.
4236 820 4302 873 50

2734 871 2854 922 iuro
2877 886 2977 936 ego
3002 871 3262 922 Fatorum
3286 869 3425 922 nulli
3448 870 3749 922 reuolubile
3771 886 4007 932 carmen,

2800 935 3101 1000 tergeminu
3169 951 3238 987 ue
3259 935 3409 987 canis
3433 936 3510 986 sic
3533 934 3669 985 mihi
3692 935 3856 987 molle
3882 942 4060 998 sonet,

2736 1017 2822 1051 me
2845 1016 3089 1051 seruasse
3113 1001 3146 1050 fi
3188 1016 3288 1051 em.
3360 1000 3409 1051 si
3427 999 3575 1062 fallo,
3604 1000 3791 1066 uipera
3815 1001 4014 1052 nostris

2800 1064 2984 1116 sibilet
3007 1064 3063 1115 in
3089 1065 3317 1117 tumulis
3339 1070 3398 1116 et
3420 1081 3583 1131 super
3604 1081 3731 1116 ossa
3753 1065 3932 1117 cubet.

2737 1129 3951 1261 ”afflffiissdiissssssssfflgfflssffiss‘ssffl
3967 1145 4204 1193 ‘mem’
4234 1142 4295 1197 ⁵⁵

2740 1275 2850 1310 una
2873 1259 3304 1324 Clytaemestrae
3327 1264 3577 1325 stuprum
3602 1260 3693 1310 uel
3716 1259 3972 1312 adultera
3994 1260 4221 1312 Cressae

2804 1330 2987 1390 portat
3010 1324 3277 1376 mentitae
3300 1324 3338 1375 li
3416 1340 3481 1376 ea
3505 1330 3749 1376 monstra
3771 1324 3942 1376 bouis.

2739 1405 2862 1441 ecce
2885 1395 3140 1440 coronato
3199 1406 3287 1440 ars
3310 1404 3345 1440 a
3368 1394 3489 1441 tera
3512 1389 3670 1456 pulsa
3692 1389 3933 1455 phase10,

2805 1453 3008 1505 mulcet
3031 1453 3125 1504 ubi
3198 1454 3368 1521 lysias
3391 1470 3525 1505 aura
3546 1454 3708 1505 beata
3731 1470 3896 1515 rosas,
4237 1455 4304 1505 60

2740 1535 2853 1586 qua
2875 1534 3163 1570 numerosa
3185 1518 3318 1571 fides
3339 1535 3554 1585 quaque
3577 1535 3704 1570 aera
3725 1518 3968 1571 rutunda
3991 1518 4241 1585 Cybebes

2807 1582 3152 1649 mitratisque
3175 1592 3374 1635 sonant
3398 1584 3573 1649 Lydia
3595 1583 3801 1650 plectra
3821 1583 4013 1635 choris.

2743 1648 3198 1724 Andromedeque
3219 1655 3276 1700 et
3300 1649 3685 1714 Hypermestre
3709 1649 3826 1699 sine
3849 1648 4042 1700 fraude
4064 1647 4267 1699 marita

2808 1718 3031 1764 narrant
3054 1713 3312 1764 historiae
3335 1719 3467 1765 nota
3489 1713 3690 1779 pericla
3710 1729 3843 1765 suae
3865 1733 3878 1765 t

2743 1777 2877 1829 haec
2900 1795 3000 1829 sua
3022 1779 3285 1829 maternis
3306 1779 3554 1854 queritur
3574 1778 3743 1830 liuere
3766 1777 3976 1829 catenis
4237 1779 4298 1843 65

2808 1841 3061 1894 bracchia
3084 1859 3182 1894 nec
3206 1850 3428 1895 meritas
3450 1843 3648 1908 frigida
3670 1859 3809 1894 saxa
3830 1859 4027 1893 manus
4049 1862 4062 1894 ε

2743 1914 2930 1959 narrat
2955 1908 3342 1974 Hypermestre
3365 1924 3625 1974 magnum
3648 1924 3809 1959 ausas
3833 1923 3950 1959 esse
3973 1922 4200 1971 sororeS,

2808 1973 2864 2023 in
2889 1973 3064 2024 scelus
3088 1972 3188 2023 hoc
3209 1973 3453 2024 animum
3479 1989 3587 2024 non
3612 1972 3852 2023 ualuisse
3875 1988 4050 2024 suum.

2743 2038 2821 2089 sic
2844 2037 3033 2089 mortis
3057 2037 3291 2089 lacrimis
3314 2038 3463 2089 uitae
3486 2053 3742 2088 sanamus
3763 2053 3974 2088 amores
3996 2057 4009 2089 z

2810 2102 2923 2153 celo
2948 2119 3047 2168 ego
3070 2102 3326 2168 perfidiae
3348 2102 3576 2154 crimina
3597 2102 3774 2153 multa
3796 2107 3939 2153 tuae.
4242 2113 4308 2164 70

2744 2167 2838 2219 sed
2864 2167 2964 2217 tibi
2988 2184 3133 2218 nunc
3155 2167 3415 2218 mandata
3437 2166 3649 2228 damus,
3676 2167 3724 2217 si
3746 2166 3887 2218 forte
3910 2166 4164 2229 moueris,

2809 2231 2856 2282 si
2879 2237 2937 2283 te
2960 2249 3066 2283 non
3091 2237 3269 2284 totum
3295 2231 3576 2283 Chloridos
3599 2231 3767 2282 herba
3788 2235 3957 2283 tenet.

2748 2296 3059 2363 Lygdamus
3081 2303 3291 2358 uratur,
3317 2297 3606 2348 candescat
3630 2295 3835 2348 lamina
3856 2312 4057 2348 uernae
4080 2315 4094 2347 ε
4242 2307 4305 2361 35

2810 2362 2954 2413 sensi
2977 2378 3078 2428 ego
3100 2378 3222 2412 cum
3247 2361 3460 2413 insidiis
3483 2361 3692 2427 pallida
3714 2362 3845 2413 uina
3869 2360 3998 2412 bibi.

2746 2431 2804 2479 et
2828 2426 3033 2478 Nomas
3055 2443 3281 2478 arcanas
3303 2425 3466 2478 tollat
3488 2432 3712 2478 uersuta
3735 2426 3940 2477 salinas
3960 2446 3973 2478 ε

2810 2491 2957 2543 dicet
2979 2492 3269 2543 damnatas
3293 2492 3454 2557 ignea
3474 2497 3622 2543 testa
3645 2507 3854 2542 manus.
4242 2491 4304 2554 38

2746 2556 2934 2607 nutrix
2958 2556 3016 2607 in
3040 2556 3287 2607 tremulis
3310 2556 3511 2623 nequid
3536 2555 3807 2607 desideret
3829 2554 3988 2606 annis
4243 2568 4306 2620 73

2816 2621 3139 2673 Parthenio:
3177 2621 3358 2687 potuit
3380 2638 3478 2672 nec
3501 2620 3603 2672 tibi
3626 2637 3797 2672 auara
3820 2620 3942 2671 fuit.

2746 2686 3080 2752 deliciaeque
3104 2702 3256 2737 meae
3280 2686 3476 2747 Latris,
3503 2686 3592 2737 cui
3616 2702 3811 2736 nomen
3835 2685 3908 2737 ab
3931 2700 4034 2735 usu
4057 2689 4160 2745 est,
4247 2696 4306 2750 75

2812 2768 2881 2802 ne
2904 2750 3182 2818 speculum
3205 2750 3456 2802 dominae
3480 2750 3718 2817 porrigat
3740 2750 3838 2802 illa
3860 2766 4051 2801 nouae.

2747 2819 2804 2867 et
2827 2832 3196 2883 quoscumque
3219 2832 3339 2867 meo
3362 2815 3541 2867 fecisti
3563 2815 3782 2867 nomine
3805 2831 4010 2877 uersus,

2811 2898 2907 2932 ure
2930 2881 3065 2932 mihi
3088 2902 3100 2934 ε
3136 2880 3327 2932 laudes
3349 2880 3535 2932 desine
3558 2879 3757 2932 habere
3780 2896 3942 2931 meas.

2748 2945 2889 3012 pelle
2899 2946 3152 2998 hederam
3167 2946 3396 3007 tumulo,
3409 2944 3544 2996 mihi
3552 2961 3694 3011 quae
3703 2950 4038 3011 praegnante
4053 2944 4309 3011 corymbo

2814 3011 3004 3062 mollia
3025 3011 3286 3063 contortis
3309 3010 3501 3075 alligat
3524 3025 3648 3061 ossa
3668 3009 3852 3061 comis.
4246 3011 4311 3060 80

2748 3075 2836 3127 hic
2858 3092 3074 3127 carmen
3100 3076 3278 3127 media
3299 3075 3522 3141 dignum
3550 3091 3635 3126 me
3657 3075 3830 3125 scribe
3851 3073 4125 3135 columna,
4244 3076 4308 3138 83

2812 3141 2906 3191 sed
2932 3142 3112 3202 breue,
3138 3140 3284 3207 quod
3308 3157 3527 3192 currens
3549 3145 3738 3191 uector
3762 3139 3833 3190 ab
3854 3138 3988 3190 urbe
4011 3139 4191 3205 legat:
4244 3142 4311 3200 84

2749 3216 2852 3257 mc
2886 3218 3150 3257 TIBVRNE
3184 3216 3305 3257 'rvA
3340 3217 3516 3257 IACET
3541 3216 3743 3256 AVREA
3778 3216 4050 3255 CYNTHIA
4085 3215 4302 3255 TERRA.

2813 3283 3086 3324 ACCESSIT
3120 3283 3303 3323 RIPAE
3339 3283 3488 3322 LAVS
3523 3282 3757 3322 Anu-:NE
3791 3280 3963 3321 TVAE.
4230 3270 4299 3321 86

2747 3352 2845 3387 nec
2870 3343 2931 3387 tu
2954 3353 3144 3402 sperne
3167 3336 3271 3402 piis
3296 3335 3577 3388 uenientia
3598 3335 3811 3386 somnia
3833 3335 4003 3400 portis
4026 3354 4038 3386 ε

2812 3417 2934 3451 cum
2959 3401 3050 3466 pia
3073 3406 3343 3453 uenerunt
3364 3401 3593 3462 somnia,
3622 3401 3761 3466 pond
3770 3416 3844 3450 us·
3855 3399 4076 3451 habent.

2746 3471 2905 3517 nocte
2928 3482 3104 3532 uagae
3127 3466 3367 3526 ferimur,
3394 3482 3503 3516 nox
3527 3466 3741 3517 clausas
3763 3464 3964 3517 liberat
3987 3464 4224 3527 umbras,

2811 3536 2960 3582 errat
2981 3537 3039 3583 et
3061 3531 3276 3582 abiecta
3299 3530 3564 3583 Cerberus
3586 3530 3701 3596 ipse
3724 3545 3858 3581 sera.
4240 3543 4308 3593 90

2746 3594 2867 3647 luce
2891 3595 3083 3647 iubent
3106 3595 3252 3662 leges
3277 3595 3522 3647 Lethaea
3542 3595 3612 3646 ad
3637 3600 3833 3660 stagna
3855 3594 4073 3646 reuerti.

2811 3677 2910 3711 nos
2934 3660 3202 3722 uehimur,
3230 3666 3450 3712 uectum
3475 3664 3648 3711 nauta
3671 3662 3914 3710 recenset
3936 3676 4092 3710 onus.

2747 3742 2892 3776 nunc
2915 3730 2970 3777 te
2995 3726 3308 3792 possideant
3328 3724 3503 3776 aliae:
3540 3740 3665 3775 mox
3690 3724 3808 3776 sola
3827 3724 4057 3776 tenebo:

2812 3807 3024 3842 mecum
3048 3791 3170 3852 eris,
3198 3794 3253 3842 et
3278 3790 3467 3841 mixtis
3490 3789 3700 3841 ossibus
3723 3806 3845 3840 ossa
3866 3788 4082 3840 teram.'

2747 3854 2881 3907 haec
2905 3860 3190 3922 postquam
3215 3854 3446 3923 querula
3467 3870 3679 3906 mecum
3702 3854 3806 3905 sub
3829 3854 3926 3905 lite
3949 3852 4175 3920 peregit,
4244 3864 4308 3917 95

2811 3920 2956 3972 inter
2978 3920 3289 3988 complexus
3309 3919 3514 3972 excidit
3535 3920 3730 3972 umbra
3751 3935 3914 3972 meos.

3445 4125 3592 4178 VIII

2746 4243 2926 4304 Disce,
2953 4242 3085 4309 qnid
3112 4241 3388 4309 Esquilias
3410 4240 3512 4292 hac
3534 4246 3694 4292 nocte
3716 4238 3922 4306 fugarit
3944 4254 4197 4306 aquosas,

2809 4325 2932 4360 cum
2959 4307 3141 4359 uicina
3164 4307 3320 4358 nouis
3343 4305 3508 4358 turba
3528 4305 3766 4356 cucurrit
3787 4304 3949 4370 agris,

2745 4373 2921 4449 turpis
2944 4373 3001 4424 in
3023 4389 3223 4424 arcana
3245 4371 3429 4422 sonuit
3452 4387 3572 4422 cum
3599 4370 3719 4421 rixa
3741 4371 3989 4433 taberna,
4251 4383 4309 4432 19

2810 4454 2856 4488 s1
2879 4438 2996 4489 sine
3020 4454 3124 4498 me,
3150 4437 3331 4488 famae
3354 4451 3462 4487 non
3485 4436 3602 4486 sine
3626 4435 3748 4486 labe
3772 4450 3941 4486 meae.
4247 4448 4312 4484 20

2747 4502 3060 4554 Lanuuium
3083 4501 3277 4553 annosi
3301 4506 3463 4552 uetus
3484 4507 3568 4551 est
3593 4499 3771 4551 tutela
3793 4497 4059 4560 draconis,
4279 4512 4308 4563 3

2811 4567 2900 4619 hic
2922 4567 3027 4618 tibi
3049 4572 3166 4618 tam
3190 4581 3344 4618 rarae
3367 4581 3474 4616 non
3499 4565 3640 4632 perit
3664 4566 3798 4617 hora
3820 4579 4021 4626 morae,

2885 4802 2897 4815 .
2962 4769 2992 4811 5
3012 4780 3197 4813 amora
3218 4766 3278 4824 N,
3303 4768 3488 4812 amoris
3509 4765 3568 4820 O,
3593 4779 3713 4810 corr.
3739 4764 4002 4810 Liuineius.
4068 4764 4097 4808 7
4116 4703 4311 4810 haggit?

1080 4842 1141 4879 Ω.
1206 4833 1236 4876 8
1267 4833 1460 4878 hosdem
1492 4832 1551 4878 Ο.
1616 4833 1645 4877 9
1675 4832 1921 4877 ademerat
1952 4843 2006 4878 Δ.
2072 4831 2131 4874 10
2162 4832 2373 4876 tinxerat
2395 4827 2650 4882 Schrader,
2677 4827 2792 4873 fort.
2819 4829 3099 4872 serium-at.
3163 4826 3221 4870 11
3244 4831 3287 4872 et
3309 4825 3498 4880 Heius„
3523 4829 3577 4869 αι
3596 4833 3655 4870 Ω.
3719 4824 3779 4867 18
3798 4823 4078 4869 exciderant
4098 4831 4157 4878 Ω,
4183 4837 4305 4869 corr.

1084 4891 1210 4938 Scal.
1256 4896 1379 4936 tecta
1407 4891 1456 4939 S.
1482 4891 1540 4937 Ο.
1606 4891 1664 4935 19
1696 4892 1953 4936 commixta
1984 4899 2043 4936 Ω.
2088 4894 2131 4935 et
2163 4889 2355 4944 Heius„
2389 4892 2459 4934 est
2491 4896 2549 4932 Ω.
2614 4886 2674 4930 20

2303 4947 2356 4993 F.
2411 4946 2638 4991 Soletum
2658 4955 2712 4991 Δ.
2778 4946 2836 4988 33
2856 4947 2948 4990 em't
2969 4944 3027 4990 Ο.
3092 4944 3240 4987 86-88

1080 4952 1205 4996 teeti.
1270 4950 1330 4993 23
1359 4952 1496 4996 eunti
1517 4949 1707 5005 Heius„
1732 4949 1850 4995 fort.
1874 4952 2019 4995 recte.
2085 4949 2145 4991 25
2164 4947 2273 5003 fixa

1084 5010 1143 5054 ³6
1163 5009 1279 5055 fort.
1303 5010 1413 5054 arsi
1431 5023 1523 5065 φο.
1590 5009 1649 5053 37
1669 5013 1713 5055 et
1734 5023 1836 5064 nos,
1859 5013 1951 5054 aut
1971 5018 2029 5055 Ω.
2073 5007 2262 5053 acclinas
2282 5015 2340 5052 Ω.
2402 5005 2462 5048 ss
2483 5005 2702 5060 rependit
2725 5003 2786 5059 N,
2803 5003 2984 5059 fundit
3002 5002 3060 5048 Ο.

1085 5067 1186 5125 (uel
1207 5066 1268 5125 ·e)
1299 5085 1349 5125 τ,
1382 5068 1557 5113 ardent
1588 5077 1644 5113 Ω.
1709 5068 1768 5111 51
1798 5081 1993 5113 carmen
2011 5080 2105 5112 om.
2139 5065 2213 5120 Ι),
2238 5069 2423 5110 stamen
2445 5080 2494 5119 τ,
2519 5063 2634 5108 fort.
2661 5076 2841 5108 nemen.

2699 4891 2895 4944 pectora
2925 4899 2974 4933 n.
3011 4885 3070 4941 Ο,

3220 4885 3292 4930 lia
3318 4898 3368 4930 n.
3403 4883 3687 4941 nescioquis.
3753 4883 3810 4925 21
3826 4883 3965 4939 pacti
3984 4880 4161 4933 Palm..
4187 4880 4290 4927 fort

3267 4947 3378 5001 post
3397 4943 3457 4986 72
3488 4945 3672 5000 transp.
3698 4955 3802 4996 uos,
3826 4943 3939 4999 post
3959 4940 4018 4988 76
4049 4939 4304 4987 Schrader.

3124 5003 3199 5057 47,
3222 5003 3283 5045 48
3304 5004 3415 5059 post
3432 5002 3494 5044 40
3513 5005 3697 5058 transp.
3725 4999 3978 5046 Schrader.
4032 5000 4093 5042 48
4112 5000 4311 5046 ardenti

2906 5063 2966 5105 ⁶6
2987 5063 3172 5107 tristem
3192 5061 3380 5114 Burm.,
3406 5065 3596 5116 turpem
3617 5068 3674 5105 Ω.
3739 5059 3798 5102 57
3823 5059 4226 5115 Clytaemnestrae
4247 5068 4301 5106 Δ.

1082 5128 1220 5174 uehit
1239 5127 1399 5172 altera
1411 5136 1469 5182 Ω,
1486 5141 1605 5174 corr.
1625 5125 1761 5173 Ellis.
1810 5126 2025 5173 Cressam
2035 5139 2087 5182 p.
2106 5125 2356 5170 muita-m
2372 5123 2562 5180 Haupt,
2581 5121 2699 5167 fort.
2715 5121 2764 5166 in
2786 5121 2846 5165 08
2866 5120 3042 5166 bouem.
3095 5121 3155 5164 59
3172 5120 3316 5176 pulsa
3332 5133 3418 5165 nos
3430 5118 3493 5164 cf.
3515 5119 3639 5163 Enn.
3658 5118 3719 5163 A.
3740 5117 3842 5173 411,
3857 5122 4009 5174 parta
4025 5126 4084 5172 Ω,
4105 5122 4242 5162 uecta
4255 5135 4302 5165 τ.

1085 5188 1141 5231 01
1163 5199 1261 5255 qua
1281 5184 1578 5254 (μιαν-ΜΝ,
1603 5185 1848 5242 qu(a)erat
1869 5185 1990 5240 O)ut
2011 5184 2149 5229 unda
2171 5192 2229 5237 Ω,
2256 5180 2650 5253 ςοιτ..Τῑιιιιεὶ)ιιε
2670 5179 2788 5236 (rut.
2814 5178 2987 5235 Pasa).
3051 5180 3110 5223 63
3129 5181 3338 5224 maritae
3359 5188 3416 5247 Ω,
3442 5191 3562 5223 corr.
3589 5176 3842 5233 Rossberg.
3910 5177 3970 5219 84
3991 5180 4106 5221 nota
4122 5177 4310 5291 penda

1084 5243 1381 5299 Hennreich,
1409 5249 1604 5300 pectora
1634 5249 1749 5289 nota
1779 5254 1839 5299 Ω,
1864 5258 1961 5301 quo
1991 5246 2187 5289 seruato
2217 5242 2628 5286 hastarius—suas
2658 5237 2931 5285 Markland.
2995 5238 3055 5282 6⁶
3083 5252 3224 5284 suma
3243 5242 3419 5283 etervm
3439 5237 3492 5292 L,
3518 5249 3705 5282 summa
3727 5241 3938 5281 aeternas
3957 5234 4058 5292 (eqt.
4085 5235 4125 5280 F
4165 5238 4304 5292 cett„

1084 5318 1205 5350 corr.
1231 5322 1270 5357 μ
1300 5316 1396 5360 mg.
1431 5320 1477 5349 ς.

1086 5375 1122 5410 Δ
1143 5363 1196 5417 F,
1230 5363 1362 5408 chor.
1400 5361 1451 5408 L.
1518 5362 1578 5405 78
1607 5375 1727 5407 ure:
1759 5375 1822 5407 m.
1861 5363 1893 5408 l.
1931 5375 2004 5406 mc
2040 5363 2145 5406 eine
2180 5358 2355 5405 Baehr.
2421 5357 2482 5401 79
2510 5360 2810 5413 praeynante
2840 5355 3161 5411 Cornelissen,

1543 5303 1601 5346 09
1628 5304 1796 5348 ηιονιίε
1826 5305 2126 5360 corruptum,
2164 5301 2360 5346 maestis
2391 5299 2580 5354 Burni„
2616 5297 2732 5343 fort.
2766 5301 2999 5342 memoria
3055 5309 3307 5342 mmmm
3336 5295 3534 5350 Baehr.,
3567 5295 3784 5341 solamur
3813 5294 3947 5340 Pasa.
4011 5294 4070 5338 72
4100 5294 4308 5341 olor-filos

3196 5359 3447 5412 manante
3477 5363 3536 5400 Ω.
3604 5354 3665 5397 80
3699 5354 3834 5398 molli
3867 5362 3927 5398 Ω.
4005 5353 4063 5397 81
4095 5366 4308 5410 pomam

1084 5421 1323 5476 Broukh.,
1359 5421 1566 5466 ramis
1600 5429 1658 5474 Ω,
1696 5420 1893 5465 ῑαηιοείε
1923 5419 2061 5465 Ellis.
2105 5417 2286 5476 (manzo
2316 5416 2374 5462 Ο.
2415 5415 2628 5473 pomifer
2657 5424 2717 5468 Ω,
2742 5429 2861 5460 corr.
2897 5413 3112 5460 Broukh.
3177 5414 3237 5457 83
3267 5414 3355 5459 hoc
3385 5412 3442 5458 Ο.
3507 5413 3568 5456 84
3597 5414 3758 5458 uictor
3787 5411 3847 5457 Ο.
3911 5412 3971 5455 86
4000 5412 4093 5457 hic.
4131 5413 4213 5458 sed
4243 5421 4302 5460 Ω.

1088 5481 1303 5526 Tiburne
1335 5485 1423 5525 tua
1454 5493 1556 5534 nos,
1589 5479 1831 5524 tiburtina
1862 5479 1901 5523 F
1931 5478 2049 5534 uulg

1085 5553 1203 5584 num
1224 5538 1432 5584 sanum?

1085 5598 1148 5644 cf.
1174 5597 1232 5643 15
1252 5598 1367 5653 (huc
1388 5610 1491 5644 mea
1511 5596 1608 5643 iam
1629 5595 1816 5653 Jacob).

2051 5511 2082 5532 .,
2116 5477 2315 5523 tibur-na
2335 5475 2464 5530 DN,
2490 5476 2690 5520 tribuna
2721 5474 2774 5529 L,
2804 5487 2924 5520 eras.
2947 5473 3008 5519 V.
3055 5475 3174 5519 iacet
3195 5473 3274 5518 hic
3295 5481 3353 5517 Ω.
3398 5472 3457 5515 88
3487 5473 3670 5516 aniane
3690 5481 3748 5516 Ω.
3814 5471 3873 5515 93
3904 5483 3986 5515 nec
4006 5470 4064 5516 Ο.
4129 5471 4189 5514 95
4220 5471 4308 5539 ⁸3¹⁶

1547 5536 1664 5581 vm
1691 5538 1763 5593 19,
1790 5537 1850 5581 20
1867 5540 1979 5597 post
1999 5538 2028 5581 2
2049 5540 2233 5594 transp.
2270 5533 2597 5591 Luetjohann.
2661 5534 2691 5578 8
2717 5534 2843 5579 Lan.
2887 5546 3004 5578 ann.
3030 5545 3124 5578 om.
3151 5531 3203 5578 F.
3268 5532 3300 5574 4
3331 5530 3413 5577 ubi
3433 5539 3492 5586 Ω,
3517 5529 3812 5576 seruandum
3843 5529 3884 5574 si
3914 5529 4009 5575 huc
4039 5529 4302 5588 scripseris,
