4890 6561
1682 527 1852 579 SEX.
1903 524 2288 579 PROPERTI
2329 523 2478 575 LIB.
2528 522 2567 574 Ι
2572 524 2623 577 V
2660 523 2758 588 [V]
3752 526 3813 579 37

665 696 1005 761 uulneraque
1028 694 1096 745 ad
1122 709 1315 744 sanum
1340 708 1484 743 nunc
1506 691 1678 744 coiere
1701 708 1837 743 mea.
2260 687 2400 740 flebo
2423 704 2524 754 ego
2547 687 2846 749 discedens,
2873 688 2969 741 sed
2994 686 3184 740 fletum
3206 688 3410 739 iniuria
3431 687 3616 740 uincet
3639 707 3651 738 :

602 763 764 813 Mens
788 762 958 821 Bona,
985 760 1143 825 siqua
1167 759 1271 809 dea
1293 775 1367 818 es,
1396 762 1494 808 tua
1519 774 1604 808 me
1630 758 1687 808 in
1710 757 1946 808 sacraria
1968 756 2141 808 dono:
2325 758 2388 805 tu
2410 753 2549 805 bene
2573 754 2900 804 conueniens
2924 770 3030 804 non
3054 753 3189 804 sinis
3210 754 3290 804 ire
3312 754 3517 817 iugum.
3588 817 3600 828 ·

667 825 991 878 exciderunt
1012 823 1177 875 surdo
1202 828 1288 874 tot
1310 839 1433 873 mea
1456 828 1590 873 uota
1615 822 1753 873 Ioui.
2096 835 2164 871 20
2261 818 2455 870 limina
2477 818 2588 869 iam
2612 819 2810 868 nostris
2833 817 3060 869 ualeant
3084 817 3430 870 lacrimantia
3451 817 3650 879 uerbiS,

2328 899 2426 933 nec
2451 888 2636 933 tamen
2660 883 2804 934 irata
2827 883 2995 934 ianua
3018 882 3194 933 fracta
3217 899 3399 933 manu.
3759 895 3819 932 10

2262 952 2324 999 at
2348 952 2402 998 te
2426 947 2619 998 celatis
2642 953 2798 998 aetas
2821 948 3006 1012 grauis
3029 956 3224 1023 urgeat
3246 947 3422 1009 annis,

1294 1023 1458 1075 XXV
2328 1016 2385 1063 et
2408 1013 2599 1063 ueniat
2622 1011 2826 1063 formae
2851 1028 2988 1077 ruga
3010 1012 3233 1063 sinistra
3257 1016 3400 1063 tuae.

2263 1076 2466 1128 uellere
2491 1083 2608 1127 tum
2633 1077 2822 1142 cupias
2844 1076 2997 1127 albos
3020 1093 3054 1127 a
3078 1077 3248 1141 stirpe
3272 1076 3514 1142 capillos,

602 1142 769 1194 Risus
792 1157 938 1192 eram
964 1139 1155 1205 positis
1178 1139 1322 1189 inter
1344 1137 1600 1189 conuiuia
1621 1139 1842 1200 mensis,
2328 1158 2380 1202 a,
2408 1139 2627 1207 speculo
2650 1158 2812 1205 rugas
2836 1142 3196 1206 increpitante
3221 1141 3342 1201 tibi,

668 1211 725 1257 et
747 1206 815 1257 de
840 1222 925 1256 me
950 1208 1164 1281 poterat
1187 1203 1420 1269 quilibet
1442 1220 1559 1254 esse
1585 1203 1801 1269 loquax.
2264 1206 2488 1257 exclusa
2511 1206 2567 1255 in
2610 1222 2677 1256 ue
2702 1207 2876 1256 uicem
2900 1206 3079 1257 fastus
3103 1206 3311 1271 patiare
3334 1203 3609 1271 superbos,
3766 1217 3822 1270 15

603 1272 846 1339 quinque
868 1270 972 1320 tib1
996 1270 1147 1335 potui
1170 1269 1374 1319 seruire
1396 1268 1631 1319 fideliter
1652 1284 1855 1318 annos:
2329 1276 2385 1321 et
2447 1287 2550 1321 uae
2598 1270 2753 1321 ecisti
2779 1270 2926 1321 facta
2950 1271 3192 1336 queraris
3215 1287 3368 1321 anus,

670 1351 853 1401 ungue
876 1351 1051 1385 meam
1079 1350 1255 1384 morso
1278 1348 1439 1398 saepe
1461 1349 1686 1399 querere
1712 1333 1887 1384 fidem.
2263 1334 2362 1385 has
2387 1340 2431 1386 n
2455 1335 2490 1384 >i
2513 1334 2700 1385 fatalis
2722 1335 2919 1386 cecinit
2942 1351 3064 1385 mea
3087 1335 3287 1399 pagiua
3309 1335 3469 1386 diras.

604 1400 680 1452 nil
707 1415 927 1450 moneor
950 1399 1186 1450 lacrimis
1210 1413 1221 1443 τ
1258 1399 1368 1449 ista
1389 1414 1511 1447 sum
1535 1402 1726 1463 captus
1750 1397 1821 1448 ab
1842 1401 1962 1448 arte
1983 1415 1999 1457 ς
2131 1408 2160 1462 5
2329 1406 2591 1451 euentum
2615 1399 2819 1450 formae
2843 1400 2988 1451 disce
3017 1400 3205 1450 timere
3229 1407 3373 1451 tuae.

671 1481 882 1531 semper
903 1464 975 1515 ab
997 1463 1229 1524 insidiis,
1257 1462 1518 1530 Cynthia,
1545 1462 1673 1514 flere
1695 1461 1851 1514 soles.

1287 1908 1625 1981 LIBER
1697 1907 2214 2025 QVARTVS
2286 1906 2549 2006 [VEL
2623 1905 3159 2007 QVINTVS]

1380 2136 1407 2186 1
2270 2125 2326 2173 et
2349 2121 2510 2172 stetit
2534 2121 2679 2172 Alba
2703 2128 2912 2187 potens,
2939 2123 3099 2174 albae
3122 2124 3235 2174 suis
3257 2125 3436 2175 omine
3459 2128 3609 2187 nata,
3768 2135 3828 2188 35

964 2220 969 2223 -
2334 2186 2439 2237 hac
2464 2187 2558 2237 ubi
2583 2187 2819 2239 Fidenas
2842 2188 3006 2254 longa
3027 2194 3145 2239 erat
3169 2189 3274 2240 isse
3293 2189 3437 2254 uia.)
3767 2191 3829 2253 36

618 2252 734 2304 Hoc
775 2251 1155 2319 quodcumque
1191 2251 1364 2313 uides,
1391 2251 1605 2317 hospes,
1632 2265 1743 2317 qua
1781 2250 2024 2302 maxima
2065 2250 2168 2301 Ro-

809 2334 897 2367 ma
929 2321 1030 2377 est,
2272 2315 2485 2365 Ennius
2506 2315 2720 2366 hirsuta
2742 2316 2927 2381 cingat
2949 2333 3050 2367 sua
3070 2316 3219 2368 dicta
3242 2334 3439 2369 corona
3461 2338 3473 2369 ε
3767 2318 3827 2367 61

678 2387 808 2432 ante
828 2382 1096 2446 Phrvgem
1122 2381 1363 2431 Aeneam
1388 2379 1542 2431 collis
1564 2386 1621 2431 et
1643 2378 1813 2430 herba
1835 2379 1972 2431 fuit:
2336 2380 2413 2430 mi
2437 2380 2569 2430 folia
2592 2398 2658 2431 ex
2685 2380 2883 2432 hedera
2906 2382 3131 2446 porrige,
3162 2383 3387 2444 Bacche,
3416 2389 3531 2443 tua,

615 2453 677 2498 at
717 2462 785 2496 ue
808 2446 903 2496 ubi
930 2434 1134 2496 Nauali
1158 2451 1311 2496 stant
1335 2461 1489 2495 sacra
1514 2444 1733 2495 Palatia
1759 2444 1993 2507 Phoebo,
2272 2450 2337 2495 ut
2360 2446 2561 2495 nostris
2585 2446 2886 2496 tumefacta
2909 2447 3189 2521 superbiat
3213 2447 3441 2499 Vmbria
3465 2447 3634 2510 libris,

733 2511 927 2561 uandri
950 2510 1209 2576 profugae
1232 2510 1569 2560 concubuere
1592 2509 1773 2559 boues.
2338 2510 2443 2560 Vm
2453 2509 2566 2559 bria
2589 2511 2825 2560 Romani
2846 2515 3026 2585 patria
3053 2510 3374 2563 Callimachi
3397 2532 3411 2572 ;

616 2575 875 2627 fictilibus
897 2591 1111 2626 creuere
1135 2574 1250 2625 deis
1275 2575 1407 2625 haec
1429 2590 1597 2625 aurea
1620 2573 1843 2639 templa,
2141 2586 2169 2639 5
2273 2573 2596 2625 scandentes
2620 2575 2742 2640 quis
2766 2591 2861 2640 qul
2885 2582 3069 2626 cernet
3093 2576 3160 2627 de
3183 2575 3422 2627 uallibus
3445 2592 3612 2638 arceS,
3769 2577 3800 2626 6
3806 2587 3832 2640 5

680 2656 777 2690 nec
801 2639 909 2690 fuit
931 2640 1212 2705 obprobrio
1235 2639 1381 2690 facta
1405 2639 1520 2689 sine
1543 2644 1661 2689 arte
1684 2655 1827 2698 casa,
2339 2639 2558 2702 ingenio
2581 2655 2764 2689 muros
2788 2641 3043 2690 aestimet
3066 2640 3160 2690 ille
3185 2657 3320 2691 meo,

616 2705 985 2770 Tarpeiusque
1008 2710 1164 2770 pater
1187 2705 1335 2755 nuda
1359 2704 1426 2754 de
1451 2720 1583 2769 rupe
1607 2703 1853 2764 tonabat,
2275 2702 2466 2763 Roma,
2495 2703 2637 2763 faue,
2667 2704 2767 2754 tibi
2790 2705 2966 2769 surgit
2989 2721 3123 2769 opus
3144 2724 3157 2765 ;
3193 2705 3323 2756 date
3345 2704 3579 2757 candida
3601 2705 3748 2755 ciues

687 2786 787 2819 nec
811 2769 1022 2819 Tiberis
1046 2769 1230 2819 rostris
1255 2768 1469 2819 aduena
1493 2774 1646 2818 tutus
1669 2773 1799 2819 erat.
2338 2767 2538 2827 omina,
2567 2775 2624 2819 et
2647 2768 2875 2834 inceptis
2899 2769 3126 2819 dextera
3145 2774 3330 2820 cantet
3352 2770 3489 2820 auis.
3770 2770 3835 2819 68

618 2850 728 2900 qua
750 2833 1009 2899 gradibus
1031 2834 1222 2884 domus
1246 2833 1353 2883 ista
1380 2833 1536 2883 Remi
1559 2849 1616 2883 se
1639 2832 1886 2893 sustulit,
1913 2831 2043 2883 olim
2272 2848 2502 2883 munera
2527 2848 2760 2898 namque
2785 2833 2872 2898 pio
2894 2849 3055 2884 conor
3077 2833 3359 2899 disponere
3377 2851 3570 2885 uersu:
3774 2845 3833 2898 57

682 2915 825 2949 unus
848 2903 966 2949 erat
990 2898 1219 2949 fratrum
1245 2898 1486 2947 maxima
1508 2914 1674 2951 retrnn.
1696 2896 1861 2948 focus.
2115 2911 2173 2947 10
2340 2897 2386 2946 ei
2412 2896 2566 2958 mihi,
2595 2897 2738 2963 quod
2763 2904 2946 2949 nostro
2970 2904 3053 2949 est
3078 2914 3278 2963 paruus
3302 2900 3356 2949 in
3382 2915 3470 2949 ore
3494 2915 3675 2950 sonus·

617 2964 826 3029 optima
850 2964 1122 3013 nutricum
1147 2962 1344 3013 nostris
1368 2962 1423 3011 lu
1464 2979 1498 3012 a
1524 2938 1726 3012 Nfartia
1751 2963 1926 3023 rebus,
2112 2974 2172 3026 55
2272 2961 2368 3012 sed
2392 2967 2577 3012 tamen
2602 2963 2799 3027 exiguo
2821 2963 3199 3028 quodcumque
3223 2980 3252 3013 e
3276 2969 3490 3028 pectore
3514 2964 3621 3014 riui

682 3028 870 3094 qualia
892 3033 1177 3078 creuerunt
1202 3027 1413 3077 moenia
1458 3033 1577 3077 acte
1602 3032 1696 3076 tuo
1719 3033 1729 3077 !
2113 3028 2175 3090 56
2343 3025 2582 3087 fluxerit,
2611 3026 2710 3077 hoc
2736 3028 2943 3092 patriae
2966 3028 3166 3078 seruiet
3190 3044 3348 3078 omne
3373 3044 3538 3080 meae.
3774 3029 3839 3077 60

618 3093 696 3143 nil
721 3093 958 3158 patrium
983 3093 1088 3142 nisi
1112 3108 1305 3142 nomen
1325 3091 1489 3141 habet
1508 3092 1784 3141 Romanus
1798 3089 2053 3141 alumnus
2073 3111 2084 3142 ε
2112 3103 2174 3154 37
2274 3091 2661 3156 sacradiesque
2679 3108 2873 3141 canam
2888 3098 2944 3143 et
2962 3092 3283 3156 cognomina
3297 3093 3472 3158 prisca
3488 3093 3750 3143 locorum:
3772 3096 3837 3155 69

685 3157 967 3223 sanguinis
990 3157 1235 3207 altricem
1260 3172 1366 3205 non
1393 3160 1550 3220 putet
1573 3171 1688 3206 esse
1712 3154 1912 3220 lupam.
2113 3157 2174 3219 38
2341 3155 2440 3205 has
2467 3171 2619 3205 meus
2643 3156 2712 3206 ad
2737 3160 2910 3206 metas
2933 3157 3095 3207 sudet
3118 3162 3332 3222 oportet
3354 3174 3541 3223 equuS.
3774 3171 3839 3219 70

621 3222 787 3280 curia,
815 3226 1100 3288 praetexto
1123 3236 1263 3287 quae
1291 3237 1432 3270 nunc
1457 3221 1599 3271 nitet
1622 3220 1738 3270 alta
1760 3225 1975 3282 senatu,
2118 3234 2137 3270 1
2152 3235 2169 3269 1
2275 3219 2453 3270 dicam
2483 3225 2496 3246 ‘
2514 3220 2677 3270 Troia
2697 3220 2873 3282 cadeS,
2902 3227 2958 3271 et
2982 3221 3172 3272 Troica
3197 3222 3372 3272 Roma
3395 3238 3656 3288 resurges,
3772 3224 3835 3285 87

687 3287 903 3353 pellitos
927 3286 1137 3346 habuit,
1165 3286 1370 3336 rustica
1393 3286 1573 3346 corda,
1601 3291 1797 3350 patres
2342 3291 2398 3336 et
2422 3285 2588 3335 maris
2613 3291 2667 3336 et
2689 3292 2864 3336 terrae
2889 3286 3052 3352 longa
3073 3287 3273 3362 pericla
3296 3304 3505 3339 cauam.
3774 3289 3838 3338 88

620 3352 820 3402 bucina
843 3352 1070 3416 cogebat
1094 3351 1293 3417 priscos
1317 3350 1386 3400 ad
1413 3351 1580 3401 uerba
1605 3349 1847 3411 Quirites
1870 3369 1881 3400 ε
2277 3349 2383 3400 huc
2409 3350 2601 3400 melius
2627 3351 2877 3416 profugos
2902 3352 3116 3411 misisti,
3145 3352 3322 3412 Troia,
3355 3353 3586 3404 Penates
3606 3372 3621 3414 ς
3777 3367 3840 3416 39

686 3423 906 3468 centum
930 3416 1012 3466 illi
1035 3417 1090 3467 in
1118 3421 1271 3481 prato
1295 3431 1455 3480 saepe
1479 3419 1702 3465 senatus
1726 3420 1860 3465 erat.
2343 3414 2452 3465 huc
2476 3415 2629 3480 quali
2652 3421 2814 3466 uecta
2831 3420 2914 3466 est
2940 3417 3198 3467 Dardana
3221 3433 3330 3483 pup
3369 3417 3415 3466 is
3439 3434 3558 3477 aue,
3774 3433 3840 3478 40

622 3497 720 3531 nec
743 3481 964 3532 sinuosa
988 3497 1124 3531 cauo
1149 3479 1457 3555 pendebant
1482 3478 1606 3530 uela
1629 3479 1845 3530 theatro
1869 3497 1883 3539 ς
2119 3491 2175 3543 15
2278 3496 2433 3531 arma
2454 3480 2786 3545 resurgentis
2811 3487 3032 3545 portans
3056 3482 3306 3532 uictricia
3379 3483 3522 3533 roiae
3546 3489 3557 3533 1
3775 3496 3840 3545 47

722 3546 901 3611 ulpita
922 3545 1198 3596 sollemms
1222 3561 1328 3595 non
1352 3545 1531 3594 oluere
1555 3560 1748 3594 crocos,
2345 3543 2478 3594 felix
2502 3548 2648 3594 terra
2671 3550 2795 3595 tuos
2819 3545 2979 3610 cepit,
3011 3545 3147 3606 Iule,
3171 3546 3300 3596 deos
3320 3565 3335 3605 ;

624 3627 698 3661 nu
723 3609 762 3659 li
786 3626 917 3660 cura
939 3610 1047 3661 fuit
1071 3614 1323 3660 externos
1348 3625 1604 3675 quaerere
1629 3608 1804 3669 diuos,
2279 3607 2326 3658 si
2350 3607 2510 3658 modo
2533 3608 2825 3658 Auernalis
2848 3609 3115 3660 tremulae
3138 3611 3347 3660 cortina
3370 3609 3613 3676 Sibyllae

688 3691 811 3725 cum
836 3678 1092 3726 tremeret
1117 3674 1293 3740 patrio
1317 3672 1555 3739 pendula
1578 3673 1739 3723 turba
1762 3686 1911 3723 sacro
1934 3691 1948 3732 ;
2343 3673 2488 3723 dixit
2511 3673 2792 3723 Auentino
2815 3690 2941 3724 rura
2964 3674 3167 3739 pianda
3189 3675 3378 3734 Rem0,
3778 3688 3842 3740 50

624 3754 917 3815 annuaque
941 3755 1165 3790 accenso
1188 3738 1494 3789 celebrante
1519 3736 1723 3788 Parilia
1747 3737 1925 3798 faen0,
2278 3743 2378 3789 aut
2401 3738 2448 3787 si
2473 3738 2799 3802 Pergameae
2823 3755 2940 3789 sero
2963 3747 3084 3789 rata
3106 3738 3347 3789 carmina
3370 3739 3516 3790 uatis

690 3804 877 3869 qualia
899 3820 1043 3853 nunc
1067 3809 1221 3854 curto
1245 3803 1419 3853 lustra
1442 3811 1718 3853 nouantur
1739 3818 1897 3877 equ0‚
2116 3815 2181 3851 20
2346 3802 2674 3877 longaeuum
2699 3802 2768 3853 ad
2795 3803 2996 3853 Priami
3020 3819 3152 3854 uera
3175 3803 3323 3854 fuere
3347 3810 3513 3869 caput
3535 3823 3547 3854 ε

625 3868 797 3919 Vesta
820 3867 1092 3919 coronatis
1118 3884 1320 3933 pauper
1341 3867 1618 3932 gaudebat
1641 3866 1843 3928 aselhs,
2286 3870 2299 3895 ‘
2320 3871 2522 3918 uertite
2545 3883 2762 3932 equum,
2792 3868 2972 3918 Danai
2996 3875 3005 3918 !
3042 3866 3183 3918 male
3209 3868 3428 3918 uincitis
3452 3890 3463 3919 ε
3504 3869 3608 3919 llia
3631 3868 3796 3919 tellus

689 3933 962 3984 ducebant
986 3949 1200 3983 macrae
1225 3932 1359 3982 uilia
1382 3948 1536 3982 sacra
1558 3932 1739 3981 boues.
2346 3932 2517 3991 uiuet,
2546 3938 2603 3982 et
2625 3932 2752 3982 huic
2776 3933 2942 3982 cineri
2968 3932 3213 3998 Iuppiter
3234 3948 3387 3983 arma
3409 3933 3602 3984 dabit.’
3780 3946 3843 3999 54

624 4013 795 4063 parua
816 3997 1056 4063 saginati
1081 3996 1389 4047 lustrabant
1415 3996 1654 4061 compita
1675 3995 1836 4061 porci,
2282 3996 2394 4047 iam
2418 3996 2553 4046 bene
2579 3996 2922 4061 spondebant
2946 4002 3076 4047 tunc
3094 3998 3292 4058 omina,
3315 3997 3461 4063 quod
3479 3996 3616 4048 nihil
3631 3996 3755 4049 illos
3778 4013 3835 4060 41

689 4068 873 4127 pastor
896 4067 952 4112 et
974 4061 1043 4112 ad
1068 4061 1305 4112 calamos
1327 4066 1459 4112 exta
1481 4060 1679 4112 litabat
1703 4061 1837 4111 ouis.
2349 4061 2580 4111 laeserat
2603 4059 2821 4126 abiegni
2844 4066 3039 4112 uenter
3058 4067 3282 4127 apertus
3305 4062 3450 4128 equi,

589 4128 593 4131 ’
625 4127 851 4177 uerbera
874 4126 1097 4202 pellitus
1121 4132 1337 4177 saetosa
1362 4125 1616 4176 mouebat
1639 4131 1839 4184 arator,
2118 4137 2179 4191 25
2283 4141 2404 4176 cum
2432 4130 2587 4190 pater
2609 4125 2667 4175 in
2690 4126 2808 4176 nati
2832 4126 3074 4191 trepidus
3097 4127 3304 4177 ceruice
3327 4126 3602 4192 pependit,

691 4190 835 4241 unde
860 4191 1027 4241 licens
1050 4191 1255 4242 Fabius
1278 4206 1432 4240 sacra
1456 4190 1730 4255 Lupercus
1754 4188 1935 4239 habet.
2349 4195 2405 4240 et
2428 4190 2609 4240 uerita
2631 4196 2714 4254 est
2738 4206 2951 4241 umeros
2974 4207 3128 4241 urere
3151 4190 3373 4241 flamma
3396 4191 3529 4256 pios.
3779 4209 3845 4255 44

626 4271 724 4306 nec
748 4255 896 4305 rudis
920 4255 1135 4306 infestis
1158 4255 1313 4306 miles
1335 4254 1587 4305 radiabat
1610 4254 1666 4303 in
1690 4254 1855 4304 armis
1880 4272 1893 4309 a
2285 4253 2411 4304 hinc
2435 4254 2648 4304 Titiens
2673 4255 3018 4321 Ramnesque
3044 4256 3148 4306 uiri
3171 4256 3510 4322 Luceresque
3534 4256 3728 4318 coloni,
3783 4272 3839 4321 31

692 4320 993 4371 miscebant
1018 4329 1144 4371 usta
1166 4319 1368 4386 proelia
1391 4319 1538 4369 nuda
1561 4318 1708 4369 sude.
2351 4324 2613 4384 quattuor
2633 4318 2761 4370 hinc
2782 4319 2934 4370 albos
2961 4319 3226 4371 Romulus
3249 4321 3362 4385 egit
3385 4337 3567 4388 equos.
3785 4336 3846 4386 32

626 4385 801 4451 prima
822 4384 1083 4450 galeritus
1108 4385 1289 4450 posuit
1314 4383 1582 4449 praetoria
1604 4382 1861 4448 Lycmon,
2286 4383 2412 4434 hinc
2435 4383 2606 4433 animi
2629 4400 2826 4435 uenere
2851 4385 2985 4435 Deci
3009 4385 3276 4452 Brutique
3299 4402 3528 4447 secureS,
3782 4400 3844 4449 45

692 4465 998 4514 magnaque
1023 4465 1145 4514 pars
1169 4449 1330 4499 Tatio
1353 4464 1529 4498 rerum
1554 4453 1673 4499 erat
1695 4448 1840 4498 inter
1862 4463 2004 4498 oues.
2124 4462 2188 4511 30
2352 4448 2514 4499 auxit
2536 4452 2593 4499 et
2615 4448 2734 4514 ipsa
2755 4449 2841 4500 sui
2866 4450 3112 4500 Caesaris
3136 4466 3288 4501 arma
3313 4451 3536 4501 Venus.’
3783 4454 3847 4512 46

629 4513 856 4580 (quippe
879 4514 1222 4564 suburbanae
1246 4529 1414 4578 parua
1438 4513 1599 4562 nimis
1623 4512 1753 4563 urbe
1776 4511 2027 4563 Bouillae
2124 4527 2186 4576 33
2293 4515 2307 4539 ‘
2324 4529 2431 4578 quo
2456 4513 2567 4563 ruis
2590 4513 2901 4579 inprudens,
2931 4531 3085 4579 uage,
3113 4513 3288 4565 dicere
3311 4514 3447 4575 fata,
3477 4515 3720 4580 Properti
3741 4519 3761 4565 ⁶?
3785 4529 3841 4578 71

694 4585 768 4639 et,
797 4578 892 4644 qui
916 4594 1061 4630 nunc
1083 4577 1240 4639 nulli,
1268 4577 1510 4628 maxima
1533 4577 1695 4627 turba
1717 4577 1872 4627 Gabi.
2354 4593 2463 4628 non
2490 4584 2638 4639 sunt,
2665 4594 2717 4640 a,
2745 4578 2940 4629 dextro
2961 4578 3182 4630 condita
3204 4578 3297 4630 fila
3319 4579 3450 4630 colo,

744 4704 900 4749 XXIV
929 4706 988 4749 19
1017 4706 1103 4751 deo
1132 4711 1199 4752 est
1229 4716 1287 4762 Ω,
1313 4706 1405 4751 dea
1435 4720 1481 4752 es
1512 4705 1643 4762 Itali,
1678 4706 1796 4751 adeo
1826 4719 1875 4751 es
1904 4705 2109 4752 Housm.
2174 4706 2234 4749 20
2263 4706 2542 4752 acciderant
2562 4716 2620 4751 Ω.
2725 4704 2855 4749 XXV
2879 4706 3026 4763 priori
3055 4706 3313 4753 continuat
3335 4706 3394 4763 Ο,
3420 4707 3535 4753 fort.
3562 4707 3751 4754 melius.
3815 4711 3846 4754 5

629 4769 802 4810 cantus
822 4764 1103 4810 Heimreich
1123 4764 1184 4811 al.
1251 4766 1279 4809 7
1299 4768 1456 4811 uincit
1477 4775 1534 4811 Ω.
1599 4765 1629 4808 8
1652 4767 1724 4810 ire
1745 4765 1807 4819 N,
1832 4778 1927 4810 csse
1947 4765 2005 4811 Ο.
2070 4765 2100 4808 9
2120 4765 2311 4809 lumina
2333 4765 2391 4810 O.
2448 4765 2507 4808 18
2528 4778 2637 4809 cum
2658 4764 2716 4810 Ο.
2761 4767 2923 4821 cupies
2943 4765 3007 4821 V,
3031 4767 3200 4821 capias
3217 4766 3257 4810 F
3273 4766 3335 4812 N.
3400 4767 3459 4810 15
3474 4769 3661 4823 patiere
3681 4777 3734 4813 A.
3791 4767 3850 4811 1⁶

624 4829 685 4871 ‚ut
706 4824 768 4869 D.
880 4825 1031 4869 oreris
1046 4823 1106 4869 V.
1173 4824 1231 4867 18
1243 4824 1434 4881 formae
1456 4824 1502 4868 N
1519 4824 1566 4867 V
1586 4824 1637 4868 in
1659 4838 1771 4878 ras„
1796 4824 2020 4869 dominae
2042 4832 2074 4867 Φ
2092 4823 2153 4868 D.
2200 4823 2353 4869 latere
2373 4822 2558 4880 aliquid
2580 4823 2790 4877 uidetur,
2816 4824 2930 4868 fort.
2965 4824 3176 4878 Veneris,
3202 4824 3263 4870 cf.
3293 4825 3412 4871 Hor.
3439 4825 3601 4871 Carm.
3627 4826 3650 4870 1
3674 4826 3745 4872 13.
3771 4826 3844 4874 17.

748 4882 771 4926 Ι
853 4881 876 4925 1
907 4882 1051 4927 huius
1082 4881 1140 4928 el.
1177 4895 1259 4928 uu.
1292 4883 1410 4926 1-70
1430 4896 1541 4927 cum
1562 4882 1710 4926 87-88
1731 4883 1798 4928 sic
1820 4880 2077 4927 ordinandi
2097 4883 2216 4927 sunt
2236 4882 2367 4937 1-1o‚
2403 4883 2566 4937 55-56,
2602 4883 2749 4925 :re-38
2769 4882 2950 4938 (37-38,
2981 4882 3129 4927 55-56
3161 4883 3211 4927 L.
3239 4883 3435 4940 Lange),
3470 4884 3617 4928 11—80
3646 4881 3844 4942 [ὃὸ-38].

629 4942 739 4986 tum
769 4941 929 4996 ⁶148,
965 4942 1126 4996 57-60,
1162 4942 1311 4985 σει-ἰο
1339 4940 1520 4997 (δι-64,
1554 4941 1716 4996 57-60,
1751 4941 1899 4990 67-70
1930 4939 2175 4997 nouam),
2209 4941 2358 4984 sr-ss
2386 4939 2572 4996 (seat),
2608 4942 2768 4995 εει-40,
2802 4942 2953 4984 art-³4
2982 4941 3148 4998 (47-52
3178 4942 3424 4999 nouam),
3453 4943 3604 4986 41-44
3631 4944 3763 5001 (post
3792 4944 3850 4989 54

632 4998 877 5055 Housm.),
902 5000 1064 5054 31-32,
1087 5001 1250 5045 45-46.
1315 5000 1343 5043 1
1374 5014 1474 5055 qua
1502 4999 1754 5057 Scioppius
1773 4998 1857 5054 al.,
1881 5013 2030 5056 quam
2051 5008 2108 5045 Ω.
2173 5000 2203 5043 5
2232 5013 2332 5045 non
2352 4998 2410 5045 Ο.
2477 5000 2505 5043 7
2540 4999 2799 5056 Tarpeiius
2829 5014 2888 5044 ex
2918 5017 2973 5055 μ.
3039 5000 3068 5043 8
3098 5003 3413 5046 nec—rostris
3442 5016 3544 5056 nos,
3570 5005 3851 5048 et—nostris

631 5067 690 5103 Ω.
735 5062 871 5103 tutus
891 5058 949 5113 O,
976 5058 1092 5103 fort.
1119 5063 1286 5113 tortus,
1312 5058 1462 5103 bubus
1481 5058 1528 5103 N
1545 5072 1603 5103 ex
1625 5059 1667 5103 4.
1732 5059 1761 5101 9
1787 5073 1882 5115 quo
1902 5058 1961 5112 O,
1987 5058 2116 5115 quod
2136 5057 2199 5104 N.
2264 5059 2323 5102 15
2352 5072 2473 5104 cauo
2494 5057 2557 5111 N,
2582 5072 2669 5103 suo
2691 5069 2743 5113 Δ,
2769 5072 2864 5105 om.
2891 5068 2938 5104 Φ.
3005 5059 3064 5102 19
3094 5059 3355 5106 celebrante
3375 5060 3600 5115 Housm„
3627 5062 3852 5107 celebrate

632 5117 695 5172 D,
719 5117 952 5162 celebrare
972 5119 1089 5163 cett.
1113 5131 1210 5174 quo
1230 5120 1427 5163 seruato
1447 5131 1619 5162 annua
1638 5122 1691 5162 at
1712 5116 1856 5162 Lach.
1898 5118 2079 5173 palilia
2102 5127 2155 5162 A.
2220 5117 2280 5161 20
2308 5131 2439 5173 equo,
2465 5117 2871 5175 interpunximus.
2937 5118 2995 5160 21
3025 5117 3193 5162 Vestra
3215 5127 3247 5162 Φ
3265 5117 3327 5164 N.
3392 5119 3451 5162 28
3473 5120 3609 5164 nuda
3630 5119 3694 5175 N,
3708 5119 3851 5176 facta

633 5175 691 5220 Ο.
755 5175 814 5217 29
835 5175 954 5231 Ly&
974 5174 1182 5231 omnum
1202 5185 1260 5222 Ω.
1325 5177 1383 5219 31
1414 5177 1569 5222 soloni
1589 5176 1651 5231 N,
1677 5177 1826 5221 selani
1845 5193 1886 5231 μ
1903 5194 1940 5230 υ,
1965 5175 2096 5220 unde
2116 5178 2273 5221 seueri
2294 5176 2500 5221 Housm.
2526 5175 2640 5221 fort.
2664 5179 2808 5221 recte.
2874 5176 3021 5219 33-36
3050 5175 3128 5221 hic
3148 5175 3330 5222 alienos
3352 5180 3464 5235 post
3486 5178 3555 5224 10.
3582 5179 3642 5224 26
3662 5183 3846 5237 transp.

634 5233 839 5279 Honsm.
904 5234 964 5277 ³3
983 5236 1135 5280 nimis
1155 5249 1257 5290 nos,
1289 5235 1458 5280 minus
1481 5244 1539 5280 Ω.
1586 5233 1785 5290 uiol(a)e
1805 5244 1861 5279 Ω.
1928 5235 1986 5277 ³6
2016 5235 2108 5280 hac
2130 5234 2212 5280 ubi
2232 5244 2274 5280 Ω
2296 5239 2580 5293 corruptum
2601 5238 2660 5279 ut
2678 5234 2799 5290 uid„
2824 5248 2882 5280 ae
2904 5235 2992 5280 tibi
3012 5234 3187 5280 Baehr.
3214 5235 3329 5281 fort.
3354 5237 3469 5282 hinc
3489 5238 3587 5283 uhi.
3631 5238 3768 5294 lonae
3789 5248 3847 5284 Ω.

634 5294 708 5338 ire
729 5293 788 5339 O.
836 5294 949 5338 uias
967 5302 1026 5348 Ω,
1048 5293 1162 5338 fort.
1180 5292 1324 5349 fuya,
1346 5292 1407 5339 cf.
1436 5294 1529 5340 Ou.
1556 5307 1616 5338 ex
1637 5293 1779 5338 Pont.
1808 5293 1831 5337 1
1853 5293 1896 5338 3.
1921 5292 1996 5349 81,
2020 5292 2093 5339 82.
2158 5294 2217 5336 38
2241 5298 2380 5350 putet
2400 5303 2460 5348 Ω,
2479 5294 2631 5350 pudet
2652 5311 2684 5336 ς
2705 5292 2837 5350 uulg.
2902 5294 2962 5336 40
2992 5294 3086 5339 huc
3107 5294 3302 5350 Baehr.,
3327 5295 3419 5340 heu
3442 5305 3500 5341 Ω.
3565 5296 3624 5338 u
3643 5301 3770 5341 omia
3794 5296 3847 5350 L,

633 5352 797 5396 omnia
829 5351 938 5406 AF,
973 5366 1070 5409 quo
1100 5355 1295 5397 seruato
1325 5352 1583 5408 spondebat
1612 5352 1833 5397 conicias.
1882 5352 2020 5397 illam
2050 5361 2108 5407 Ω,
2143 5367 2262 5397 corr.
2299 5351 2554 5398 Schrader.
2639 5353 2700 5394 45
2726 5353 2842 5397 hinc
2872 5352 3060 5408 Heius„
3100 5357 3216 5398 time
3252 5363 3310 5399 Ω.
3388 5354 3449 5397 46
3483 5356 3626 5400 auxit
3658 5354 3847 5410 Muell.,

634 5411 768 5455 uexit
788 5418 846 5455 Ω.
911 5411 971 5453 50
1001 5425 1129 5456 rura
1148 5414 1445 5468 corruptum,
1472 5410 1586 5456 fort.
1612 5425 1775 5456 crura.
1839 5410 1897 5454 57
1928 5424 2133 5455 munera
2154 5425 2257 5466 nos,
2281 5410 2344 5457 cf.
2370 5411 2510 5457 Lucr.
2536 5411 2561 5456 1
2583 5412 2655 5465 47,
2681 5412 2872 5456 moenia
2892 5421 2950 5466 Ω,
2976 5425 3402 5458 munere—uersus
3422 5412 3589 5459 Muell.
3634 5427 3779 5458 eonor
3800 5430 3848 5469 «τ,

626 5481 775 5516 coner
793 5477 852 5514 Ω.
915 5470 975 5513 59
996 5470 1103 5514 riui
1114 5479 1172 5524 Ω,
1194 5472 1309 5515 uiui
1328 5484 1416 5515 nos
1437 5470 1559 5515 coni.
1585 5469 1693 5515 coll.
1716 5470 1807 5514 Ou.
1830 5483 1891 5514 ex
1912 5469 1965 5514 P.
1993 5468 2066 5514 1V
2086 5469 2129 5514 8.
2151 5469 2210 5514 65
2224 5484 2295 5525 sq.
2361 5471 2419 5513 81
2498 5483 2543 5528 q.
2568 5484 2599 5516 a
2618 5469 2858 5527 prioribus
2878 5470 3125 5528 separauit
3147 5470 3349 5515 Housm.
3407 5472 3466 5514 85
3485 5471 3548 5518 cf.
3574 5471 3637 5517 ad
3661 5472 3684 5516 1
3705 5473 3776 5517 22.
3803 5473 3847 5518 8.

628 5525 919 5583 „quidque-is)
949 5529 1035 5585 qui
1066 5542 1168 5582 nos,
1193 5530 1417 5585 quisquis
1436 5538 1472 5574 A
1496 5528 1557 5584 N,
1593 5531 1796 5584 quasnis
1818 5536 1868 5573 Φ.
1911 5533 2066 5574 cernet
2087 5528 2138 5583 F,
2175 5529 2327 5574 cernit
2349 5538 2385 5574 A
2405 5530 2445 5574 L
2512 5562 2523 5575 .
2588 5531 2646 5573 66
2676 5533 2765 5575 m.
2793 5538 2829 5574 A
2850 5529 2902 5574 F.
2968 5530 3027 5573 68
3057 5533 3186 5575 omia
3207 5529 3260 5584 L,
3285 5532 3448 5575 omnia
3470 5531 3533 5576 D.
3579 5532 3775 5577 incertis
3795 5531 3849 5587 F,

637 5587 692 5630 in
713 5587 846 5631 tectis
868 5596 905 5631 A
923 5586 976 5631 L.
1042 5587 1100 5630 71
1120 5601 1223 5645 sqq.
1248 5601 1279 5633 a
1298 5587 1539 5646 prioribus
1561 5587 1808 5645 separauit
1830 5587 1974 5632 Lach.
2022 5601 2151 5643 naqa
2173 5606 2219 5632 τ.
