4890 6561
1065 523 1129 571 10
2016 518 2183 573 SEX.
2230 516 2623 570 PROPERTI
2665 515 3007 569 CYNTHIA
3054 516 3225 581 [LIB.
3277 517 3333 583 1]

1800 826 1889 877 III

1065 946 1256 1009 Qualis
1280 944 1489 997 Thesea
1512 944 1682 997 iacuit
1703 945 1928 997 cedente
1951 945 2135 996 carina

1130 1011 1389 1077 languida
1411 1011 1637 1062 desertis
1661 1011 1866 1061 Gnosia
1889 1009 2155 1070 litoribus,

1062 1076 1242 1143 qualis
1265 1083 1321 1127 et
1343 1076 1599 1127 accubuit
1624 1075 1793 1141 primo
1818 1075 2054 1141 Cepheia
2077 1091 2265 1125 somno

1129 1141 1297 1192 libera
1320 1141 1430 1191 iam
1455 1141 1603 1191 duris
1626 1141 1837 1191 cot-ibus
1863 1140 2227 1199 Andromede,

1064 1222 1161 1257 nec
1185 1205 1364 1256 minus
1386 1205 1621 1256 assiduis
1646 1205 1848 1256 Edonis
1872 1204 2015 1256 fessa
2037 1205 2242 1256 choreis

1129 1269 1307 1347 qualis
1331 1271 1387 1321 in
1411 1269 1636 1321 herboso
1659 1270 1894 1321 concidit
1917 1270 2172 1336 Apidano
2195 1291 2207 1322 :

1067 1335 1192 1386 talis
1216 1336 1337 1386 uisa
1361 1335 1494 1386 mihi
1519 1335 1735 1386 mollem
1760 1335 1962 1402 spirare
1986 1334 2226 1402 quietem

1130 1400 1369 1465 Cynthia
1391 1416 1498 1450 non
1522 1400 1682 1451 certis
1706 1399 1837 1450 nixa
1860 1404 2025 1465 caput
2048 1400 2318 1460 manibus,

1064 1465 1212 1515 ebria
1234 1481 1358 1515 cum
1383 1465 1556 1515 multo
1580 1465 1846 1515 traherem
1872 1464 2106 1529 uestigia
2131 1464 2342 1515 Baccho

1064 1594 1201 1645 hanc
1225 1611 1340 1669 egb,
1369 1594 1611 1644 nondum
1634 1594 1801 1644 etiam
1823 1610 2013 1644 sensus
2075 1593 2347 1659 eperditus
2370 1610 2574 1656 omneS,

1128 1659 1363 1709 molliter
1384 1658 1440 1709 in
1480 1675 1624 1710 resso
1647 1675 1808 1709 conor
1829 1658 1981 1709 adire
2004 1663 2120 1709 toro
2141 1676 2154 1719 ς

1063 1730 1119 1774 et
1141 1723 1394 1789 quamuis
1456 1723 1620 1789 uplici
1645 1740 1789 1774 corre
1830 1730 1947 1774 tum
1970 1723 2158 1774 ardore
2182 1722 2430 1776 iuberent

1127 1788 1228 1839 hac
1253 1789 1423 1839 Amor
1444 1788 1545 1839 hac
1571 1789 1746 1847 Liber,
1812 1805 1941 1839 urus
1965 1794 2087 1839 uter
2125 1805 2192 1839 ue
2215 1787 2367 1850 deuS,

1062 1853 1305 1904 subiecto
1328 1852 1525 1905 leuiter
1546 1853 1778 1919 positam
1804 1857 2069 1919 temptare
2113 1860 2294 1904 acerto
2563 1867 2617 1919 15

1127 1918 1418 1984 osculaque
1439 1918 1662 1970 admota
1684 1935 1894 1970 sumere
1918 1924 1974 1969 et
1996 1933 2147 1969 arma
2172 1935 2355 1978 manu,

1062 1999 1166 2033 non
1193 1990 1375 2036 tamen
1399 2000 1568 2034 ausus
1591 2000 1739 2059 eram
1763 1983 2023 2059 dominae·
2038 1983 2256 2058 turbare
2279 1982 2538 2050 quietem,

1063 2052 2206 2173 „essxsffitffteeffiffissgffiffiaflffiufflssfis

1129 2178 1310 2243 Argus
1334 2183 1398 2228 ιιι
1420 2178 1619 2244 ignotis
1642 2178 1892 2229 cornibus
1918 2177 2222 2229 Inachidos.
2558 2192 2623 2228 20

1063 2248 1118 2293 et
1143 2242 1301 2293 modo
1324 2242 1602 2294 soluebam
1627 2248 1811 2294 nostra
1834 2242 1901 2294 de
1924 2242 2101 2294 fronte
2122 2240 2348 2294 corollas

1129 2307 1501 2373 ponebamque
1525 2307 1652 2367 tuis,
1682 2307 1937 2373 Cynthia,
1966 2307 2314 2373 temporibus,

1060 2376 1116 2422 et
1140 2371 1299 2421 inodo
1321 2372 1628 2436 gaudebam
1652 2371 1830 2437 lapsos
1852 2372 2082 2423 formare
2106 2372 2345 2437 capillos,

1128 2452 1273 2487 nunc
1294 2436 1502 2487 furtiua
1524 2435 1675 2487 cauis
1700 2452 1858 2501 poma
1881 2436 2078 2486 dabam
2104 2436 2372 2496 manibus,

1061 2500 1244 2551 omnia
1268 2517 1408 2566 quae
1432 2500 1649 2566 ingrato
1671 2500 1909 2566 largibar
1931 2517 2157 2551 munera
2179 2517 2385 2562 somno,
2559 2517 2586 2552 2
2594 2513 2618 2566 5

1126 2582 1351 2616 munera
1374 2565 1441 2616 de
1464 2582 1630 2632 prono
1653 2582 1813 2632 saepe
1837 2564 2028 2616 uoluta
2050 2565 2191 2618 sinu.

1060 2639 1114 2682 et
1175 2630 1389 2681 uotiens
1413 2646 1531 2682 raro
1554 2630 1714 2681 duxti
1737 2630 1968 2696 suspiria
1992 2636 2162 2693 motu,

1124 2712 1156 2745 o
1224 2695 1381 2771 tupui
1405 2712 1550 2747 uano
1572 2695 1822 2747 credulus
1845 2695 2103 2762 auspicia,

1060 2776 1241 2826 nequa
1265 2761 1366 2812 tibi
1388 2760 1633 2812 insolitos
1658 2766 1934 2827 portarent
1957 2760 2077 2812 uisa
2100 2760 2335 2822 timores,

1124 2842 1262 2877 neue
1285 2826 1408 2902 quis
1431 2826 1665 2878 inuitam
1688 2832 1901 2892 cogeret
1924 2843 2039 2877 esse
2063 2842 2219 2876 suam
2240 2846 2251 2877 z
2561 2841 2624 2891 30

1060 2890 1229 2942 donec
1252 2891 1495 2943 diuersas
1519 2907 1864 2967 praecurrens
1887 2891 2019 2941 luna
2042 2890 2324 2951 fenestrae,

1070 3004 1073 3007 ,
1125 2955 1257 3007 luna
1281 2962 1569 3007 moraturis
1592 2956 1783 3007 sedula
1806 2955 2121 3016 luminibus,

1058 3020 1381 3086 compositos
1405 3020 1620 3072 leuibus
1644 3021 1809 3072 radiis
1834 3020 2090 3087 patefecit
2112 3019 2323 3073 ocellos.

1125 3086 1201 3135 sic
1225 3085 1305 3137 ait
1328 3086 1384 3136 in
1409 3085 1559 3137 molli
1585 3086 1694 3136 fixa
1719 3091 1834 3138 toro
1857 3085 2103 3136 cubitum
2124 3106 2136 3136 :

1062 3156 1074 3177 ⁴
1095 3149 1313 3201 tandem
1342 3156 1396 3203 te
1420 3156 1603 3201 nostro
1627 3151 1860 3202 referens
1883 3150 2084 3201 iniuria
2106 3148 2248 3201 lecto
2558 3162 2617 3215 35

1124 3214 1348 3265 alterius
1372 3216 1570 3266 clausis
1594 3215 1807 3282 expulit
1830 3233 1859 3267 e
1883 3215 2104 3276 foribus,

1059 3297 1251 3394 neinpe
1274 3280 1370 3395 ulii
1395 3280 1556 3346 longa
1578 3280 2359 3397 {9⁰³3009fi9¹¹¹1‡{⁵ti·f,em3'⁰m
2383 3279 2573 3340 noctis,

1145 3361 1216 3395 an
1297 3362 1312 3396 1
1354 3362 1417 3396 us
1442 3362 1575 3396 exac
1604 3363 1666 3405 ιε,
1693 3362 1745 3397 ei
1769 3362 1842 3396 nn
1886 3362 1919 3404 1,
1948 3362 1992 3395 sl
2033 3361 2108 3395 eri
2150 3361 2213 3394 us
2237 3383 2248 3395 .

1058 3426 1090 3460 o
1114 3362 1325 3460 uthffiln
1352 3410 1489 3461 tales
1514 3411 1791 3476 perducas,
1819 3410 2057 3476 inprobe,
2085 3415 2286 3470 noctes,

1125 3492 1210 3526 me
1234 3475 1483 3526 miseram
1508 3475 1687 3541 qualis
1710 3492 1920 3541 semper
1943 3474 2138 3526 habere
2163 3474 2331 3524 iubes.
2559 3490 2625 3536 40

1059 3556 1184 3590 nam
1210 3540 1369 3590 modo
1393 3557 1661 3606 purpureo
1684 3540 1941 3592 fallebam
1966 3539 2201 3590 stamine
2225 3555 2494 3600 somnum,

1124 3622 1307 3657 rursus
1332 3611 1387 3657 et
1412 3606 1661 3672 Orpheae
1684 3605 1921 3658 carmine
1946 3605 2089 3656 fessa
2114 3603 2263 3670 lyrae
2285 3623 2299 3664 ;

1057 3668 1332 3722 interdum
1355 3671 1550 3723 leuiter
1572 3688 1782 3723 mecum
1807 3671 2020 3723 deserta
2043 3669 2308 3736 querebar

1109 3741 1346 3787 externo
1369 3736 1558 3802 longas
1582 3753 1742 3802 saepe
1765 3737 1822 3787 in
1846 3751 2027 3786 amore
2051 3751 2244 3794 moras,

1057 3800 1188 3850 dum
1213 3817 1298 3851 me
1322 3801 1572 3851 iucundis
1597 3801 1797 3851 lassam
1820 3816 1978 3865 sopor
1998 3798 2199 3864 inpulit
2222 3797 2324 3849 alis
2348 3819 2360 3851 ι
2556 3811 2618 3863 45

1122 3864 1219 3916 illa
1242 3865 1350 3917 fuit
1373 3865 1611 3917 lacrimis
1634 3865 1833 3917 ultima
1855 3879 1985 3915 cura
2008 3863 2180 3915 meis.'

1797 4070 1877 4121 IV

1056 4183 1198 4247 Quid
1224 4184 1359 4235 mihi
1384 4191 1494 4235 tam
1520 4184 1722 4235 multas
1747 4183 2038 4243 laudand0,
2068 4183 2251 4244 Basse,
2280 4183 2490 4250 puellas

1121 4255 1396 4299 mutatum
1420 4249 1640 4299 domina
1662 4249 1807 4313 cogis
1833 4248 1981 4298 abire
2006 4254 2162 4298 mea?

1054 4313 1184 4380 quid
1210 4330 1295 4365 me
1320 4330 1426 4364 non
1451 4313 1651 4379 pateris
1675 4313 1824 4363 uitae
1847 4312 2225 4378 quodcumque
2246 4319 2506 4378 sequetur

1119 4378 1217 4429 hoc
1242 4377 1413 4442 magis
1437 4384 1657 4429 assueto
1680 4377 1874 4427 ducere
1897 4377 2160 4427 seruitio?

1054 4448 1116 4494 tu
1142 4443 1269 4493 licet
1293 4443 1566 4509 Antiopae
1589 4442 1816 4493 formam
1843 4440 2138 4507 Nycteidos
2161 4447 2217 4492 et
2241 4446 2302 4492 tu
2589 4453 2613 4506 5

1122 4508 1424 4574 Spartanae
1448 4507 1648 4559 referas
1670 4506 1927 4558 laudibus
1953 4506 2296 4566 Hermionae,

1054 4579 1110 4624 et·
1171 4589 1503 4639 uaecumque
1528 4572 1659 4623 tulit
1682 4571 1899 4622 formosi
1924 4571 2179 4636 temporis
2202 4579 2373 4633 aetas,

1165 4638 1358 4703 ynthia
1382 4655 1488 4688 non
1513 4636 1635 4688 illas
1659 4653 1852 4687 nomen
1879 4635 2074 4687 habere
2098 4636 2239 4686 sinet
2260 4655 2274 4696 3

1054 4703 1272 4762 nedum,
1300 4703 1345 4753 si
1371 4702 1584 4755 leuibus
1607 4702 1772 4753 fuerit
1795 4701 1995 4753 collata
2019 4700 2221 4767 figuris,

1118 4767 1338 4819 inferior
1360 4768 1494 4818 duro
1519 4768 1695 4818 iudice
1720 4766 1892 4832 turpis
1916 4772 2021 4817 eat.
2559 4781 2618 4816 10
2664 4763 2667 4780 ”

2664 4883 2667 4910 4
2716 4832 2811 4883 illa
2836 4849 3009 4883 meam
3035 4832 3169 4884 mihi
3193 4833 3300 4884 iam
3325 4849 3382 4884 se
3406 4833 3672 4899 denegat3
3708 4834 3807 4885 illa
3831 4834 4086 4894 minatur,

1053 4832 1185 4883 haec
1209 4833 1302 4883 sed
1328 4831 1498 4883 forma
1523 4832 1626 4882 mei
1652 4849 1774 4898 pars
1798 4837 1880 4882 est
1904 4836 2147 4881 extrema
2170 4830 2363 4881 furoris
2384 4851 2395 4882 :

1117 4904 1248 4948 sunt
1272 4897 1493 4958 maiora,
1522 4897 1738 4963 quibus,
1768 4897 1951 4956 Basse,
1980 4894 2150 4960 perire
2175 4895 2350 4957 iuuat,

1172 5063 1245 5108 111
1273 5064 1303 5108 7
1333 5066 1522 5121 spirare
1550 5063 1797 5120 fvnmg„

1051 5242 1337 5347 fflebar
1358 5250 1411 5287 A.
1473 5241 1535 5283 4⁶
1562 5241 1750 5297 lapsam
1778 5249 1835 5296 Ω,
1861 5256 1980 5287 corr.
2006 5255 2051 5286 v.

1189 5316 1225 5346 r.

1052 5478 1288 5532 Kraffert,
1308 5477 1370 5523 cf.
1394 5476 1521 5523 Stat.
1543 5477 1591 5522 S.
1615 5475 1692 5521 111
1712 5476 1755 5521 5.
1777 5476 1851 5532 69,
1870 5477 1987 5523 dem
2004 5485 2061 5522 Ω.
2115 5477 2175 5520 27
2198 5478 2352 5522 nostri
2369 5485 2426 5522 Ω.

2665 4737 2666 4760 ,
2715 4701 2814 4753 illa
2837 4702 2970 4753 mihi
2996 4702 3129 4754 totis
3152 4720 3213 4754 ar

1378 5300 1418 5345 is
1451 5299 1600 5345 etiam
1633 5301 1837 5356 spatiosi
1870 5305 1923 5351 t..
1950 5299 2159 5357 sor-rnon‘
2187 5301 2405 5357 corporis
2438 5299 2691 5356 Roesberg.

1050 5375 1170 5406 corr.
1198 5359 1277 5405 Ita
1297 5359 1328 5405 i.
1355 5363 1485 5404 nocte
1515 5357 1668 5404 Palm.
1704 5357 1836 5404 olim.
1902 5360 1959 5403 16
1991 5359 2206 5404 adducta
2238 5357 2512 5412 Markland,
2549 5358 2663 5404 fort.
2698 5361 2917 5405 astricta.
2963 5359 3107 5416 fallit
3136 5375 3160 5405 s

1051 5430 1099 5472 ο,
1124 5418 1301 5475 deseret
1322 5427 1375 5464 A.
1438 5418 1499 5461 23
1528 5422 1821 5473 contempnet
1852 5427 1885 5463 Φ
1907 5417 1968 5472 N,
2003 5432 2103 5463 non
2132 5419 2281 5474 unslet
2312 5417 2503 5471 (debuit
2533 5418 2735 5473 temnet)
2758 5417 2928 5463 Heius.
2991 5419 3052 5461 24
3079 5433 3165 5464 nec

2542 5475 2586 5518 V
2605 5477 2633 5519 3
2653 5490 2784 5521 meae
2805 5476 3163 5535 Hemsterhuys

2727 683 2997 750 ingenuus
3020 686 3164 737 color
3185 690 3242 737 et
3265 684 3454 737 multis
3477 685 3642 737 decus
3665 686 3875 739 artibus
3898 691 3954 739 et
3977 702 4117 755 quae

2790 750 2993 815 gaudia
3016 751 3120 802 sub
3142 751 3312 802 tacita
3335 751 3528 803 ducere
3551 757 3705 803 ueste
3729 751 3895 803 libet:

2726 831 2834 881 quo
2858 818 3030 881 magis
3054 820 3110 867 et
3132 822 3343 867 nostros
3365 814 3647 868 contendis
3670 817 3880 868 soluere
3901 833 4127 880 amores,
4226 833 4244 871 ι
4255 831 4281 882 5

2791 879 2891 930 hoc
2915 881 3088 944 magis
3111 885 3335 947 accepta
3357 880 3504 931 fallit
3525 886 3754 947 uterque
3777 882 3898 933 fide.

2727 960 2834 995 non
2859 945 3062 1059 inpune
3084 945 3238 997 feres.
3311 946 3446 997 sciet
3468 946 3602 997 haec
3625 946 3818 997 insana
3839 945 4025 1023 puella

2792 1016 2848 1060 et
2872 1010 2914 1060 ti
2954 1009 2972 1060 i
2996 1026 3103 1061 non
3129 1010 3312 1061 tacitis
3336 1011 3559 1061 uocibus
3581 1010 3754 1062 hostis
3777 1018 3880 1062 erit
3905 1031 3918 1072 ;

2672 1100 2676 1147 3
2726 1090 2823 1125 nec
2849 1075 2948 1125 tibi
2973 1091 3059 1126 me
3083 1081 3202 1141 post
3226 1076 3360 1126 haec
3382 1076 3686 1127 committet
3711 1074 3951 1141 Cynthia
3973 1092 4072 1128 nec
4096 1082 4151 1128 te

2791 1145 3015 1205 quaeret
3035 1161 3048 1201 ;
3083 1141 3186 1191 erit
3208 1141 3351 1191 tanti
3375 1140 3613 1191 criminis
3637 1141 3734 1191 illa
3756 1157 3977 1204 memor,
4207 1158 4284 1193 ἶ20

2594 1216 2620 1271 5
2671 1230 2675 1293 4
2726 1210 2782 1254 et
2806 1210 2860 1255 te
2883 1205 3084 1255 circum
3107 1205 3281 1256 omnis
3303 1205 3442 1256 alias
3465 1205 3606 1257 irata
3631 1206 3841 1272 puellas

2790 1269 3032 1322 differet:
3070 1270 3177 1322 heu
3200 1270 3352 1321 nullo
3375 1270 3562 1321 limine
3585 1287 3741 1322 carus
3765 1270 3887 1324 eris.

2725 1333 2907 1385 nullas
2931 1334 3028 1385 illa
3051 1335 3165 1385 suis
3188 1340 3497 1386 contemnet
3520 1335 3737 1386 fletibus
3759 1352 3900 1396 aras,

2788 1406 2844 1449 et
2903 1400 3193 1466 uicumque
3216 1416 3381 1461 sacer,
3408 1398 3586 1467 qualis
3611 1401 3703 1451 ubi
3743 1417 3829 1461 ue,
3859 1400 4014 1467 lapis.

2671 1500 2674 1509 f
2725 1480 2831 1515 non
2856 1418 2970 1515 ffilo
2991 1465 3214 1539 grauius
3238 1470 3538 1530 temptatur
3561 1466 3706 1532 Cynt
3748 1465 3800 1517 ia
3824 1466 4041 1529 damn0‚
4076 1492 4092 1509 ι
4220 1478 4282 1531 25

1127 1536 1183 1580 et
1206 1534 1493 1595 quaterent
1516 1546 1635 1581 sera
1658 1536 1814 1580 nocte
1838 1530 2008 1579 facem
2069 1529 2199 1580 ueri.
2566 1544 2625 1580 10
2673 1554 2674 1593 χ

2671 1640 2672 1655 ,
2725 1595 3009 1660 praecipue
3033 1601 3229 1645 nostro.
3302 1602 3523 1647 maneat
3544 1595 3622 1647 sic
3639 1611 3870 1661 semper,
3897 1595 4079 1656 adoro,

2790 1546 2954 1594 quarn
2978 1528 3082 1579 sibi
3106 1546 3230 1580 cum
3255 1537 3408 1595 rapto
3430 1537 3606 1581 cessat
3628 1547 3809 1581 amore
3833 1530 4012 1591 decus,

2789 1675 2887 1711 nec
2909 1659 3201 1726 quicquam
3224 1676 3291 1711 ex
3315 1659 3412 1710 illa
3434 1660 3580 1726 quod
3602 1677 3797 1727 querar
3818 1660 4112 1712 inueniam.

3477 1867 3527 1918 V

2727 1979 2937 2040 Inuide,
2967 1985 3027 2030 ιιι
3052 1980 3273 2032 tandem
3297 1998 3456 2032 uoces
3480 1998 3754 2047 compesce
3779 1982 4034 2034 molestas

2789 2051 2845 2095 et
2868 2046 2983 2095 sine
3008 2062 3104 2095 nos
3127 2062 3304 2106 cursu,
3332 2063 3440 2112 quo
3463 2063 3667 2107 sumus,
3695 2048 3772 2098 ire
3867 2064 3964 2098 res.

2724 2109 2854 2176 quid
2882 2109 2980 2160 tibi
3005 2110 3107 2171 uie,
3134 2110 3360 2161 insane?
3393 2128 3544 2162 meae
3567 2112 3767 2163 sentire
3791 2064 4031 2163 ffirores!

2789 2174 2998 2235 infelix,
3026 2191 3274 2241 properas
3298 2175 3494 2227 ultima
3517 2192 3673 2227 nosse
3697 2176 3843 2227 mala

2726 2244 2781 2291 et
2805 2239 2967 2290 miser
2989 2239 3200 2305 ignotos
3226 2240 3459 2317 uestigia
3482 2241 3618 2292 ferre
3643 2257 3735 2307 per
3758 2241 3909 2307 ignes
4250 2255 4276 2307 5

2790 2312 2845 2355 et
2872 2304 3051 2356 bibere
3075 2321 3104 2356 e
3128 2310 3247 2356 tota
3271 2311 3452 2356 toxica
3475 2305 3773 2357 Thessalia.

2725 2385 2832 2420 non
2857 2377 2939 2420 est
2964 2369 3060 2420 illa
3083 2370 3239 2435 uagis
3263 2370 3456 2421 similis
3480 2370 3697 2421 conlata
3720 2371 3916 2447 puellis
3939 2392 3951 2424 ς

2791 2433 3025 2485 molliter
3046 2434 3203 2486 irasci
3228 2452 3334 2485 non
3358 2436 3492 2486 sciet
3514 2436 3611 2486 illa
3636 2435 3751 2487 tib1.

2724 2498 2867 2564 quod
2892 2499 2939 2548 si
2962 2498 3098 2550 forte
3122 2499 3232 2550 tuis
3255 2516 3362 2550 non
3386 2505 3470 2552 est
3492 2500 3759 2551 contraria
3783 2500 3945 2562 notia,

2789 2570 2848 2614 at
2872 2563 2972 2613 tibi
2996 2580 3246 2615 curarum
3269 2564 3422 2616 milia
3445 2571 3654 2632 quanta
3677 2565 3832 2616 dabit
3853 2572 3863 2616 !
4220 2581 4278 2616 10

2724 2644 2830 2678 non
2856 2628 2958 2678 tibi
2981 2629 3092 2679 iam
3115 2646 3346 2689 somnne,
3376 2646 3481 2680 non
3505 2629 3602 2681 illa
3626 2630 3895 2696 relinquet
3917 2630 4144 2682 ocellos:

2788 2693 2885 2744 illa
2909 2693 3048 2744 feros
3071 2693 3268 2745 animis
3291 2694 3484 2760 alligat
3509 2711 3618 2745 una
3642 2696 3801 2746 uiros.

2721 2774 2775 2820 a,
2803 2774 2924 2809 mea
2946 2765 3288 2824 contemptus
3349 2759 3563 2810 uotiens
3585 2760 3656 2810 ad
3681 2759 3871 2811 limina
3894 2776 4091 2823 curres,

2786 2840 2910 2874 cuni
2934 2824 3031 2873 tibi
3057 2777 3487 2889 singultulortia
3509 2825 3676 2875 uerba
3699 2825 3913 2885 cadent,

2721 2892 2777 2939 et
2802 2889 3064 2938 tremulus
3088 2889 3309 2940 maestis
3333 2890 3536 2940 orietur
3558 2889 3775 2941 fletibus
3798 2890 3997 2951 horror,
4220 2902 4275 2953 15

2785 2959 2842 3003 et
2866 2953 3026 3003 timor
3048 2953 3330 3004 informem
3353 2953 3515 3005 ducet
3538 2954 3593 3004 in
3618 2971 3708 3005 ore
3732 2961 3935 3015 notam,

2721 3023 2779 3069 et
2801 3034 3176 3083 quaecumque
3199 3018 3350 3069 uoles
3372 3018 3588 3081 fugient
3611 3019 3712 3070 tibi
3737 3019 3904 3070 uerba
3926 3020 4195 3086 querenti,

2787 3099 2885 3133 nec
2909 3083 3124 3149 poteris,
3151 3083 3245 3149 qui
3268 3084 3342 3134 sis
3365 3090 3465 3135 aut
3487 3084 3599 3144 ubi,
3626 3100 3782 3135 nosse
3805 3084 3980 3137 miser.

2722 3153 2840 3198 turn
2864 3163 3032 3213 graue
3056 3148 3342 3199 seruitium
3367 3154 3584 3199 nostrae
3607 3164 3669 3199 co
3708 3165 3796 3200 ere
3819 3149 4046 3215 puellae,

2786 3212 2990 3264 discere
3013 3218 3070 3264 et
3092 3213 3372 3264 exclusum
3398 3214 3529 3279 quid
3554 3213 3626 3264 sit
3649 3231 3683 3264 a
3706 3214 3798 3265 »ire
3821 3215 4040 3264 domum
4067 3234 4080 3274 3
4214 3230 4276 3268 20

2721 3293 2820 3328 nec
2843 3277 2953 3328 iam
2977 3277 3236 3344 pallorem
3259 3279 3461 3330 totiens
3485 3279 3747 3331 mirabere
3770 3286 4033 3341 nostrum,

2786 3349 2886 3393 aut
2910 3360 3006 3393 cur
3027 3343 3128 3393 sim
3154 3349 3274 3395 toto
3297 3361 3512 3410 corpore
3536 3344 3720 3394 nullus
3743 3361 3859 3411 ego·

2722 3422 2820 3458 nec
2844 3407 2946 3458 tibi
2971 3408 3227 3459 nobilitas
3243 3409 3449 3483 poterit
3470 3425 3777 3461 succurrere
3800 3409 4010 3461 amanti
4034 3431 4046 3462 :

2787 3472 2960 3523 nescit
2984 3472 3153 3523 Amor
3176 3473 3364 3538 priscis
3388 3474 3575 3525 cedere
3599 3474 3945 3550 imaginibus.

2722 3536 2866 3603 quod
2891 3537 2937 3587 si
2963 3553 3133 3602 parua
3154 3544 3285 3589 tuae
3308 3538 3521 3590 dederis
3544 3539 3778 3604 uestigia
3800 3539 4010 3605 culpae,
4213 3552 4274 3604 25

2787 3619 2950 3668 quam
2975 3602 3084 3653 cito
3108 3602 3175 3653 de
3197 3608 3356 3654 tanto
3377 3604 3594 3654 nomine
3617 3621 3798 3654 rumor
3819 3605 3923 3655 eris
3949 3611 3961 3655 Ξ

2722 3683 2828 3718 non
2854 3683 2953 3732 ego
2976 3672 3091 3717 tum
3119 3673 3304 3733 potero
3325 3668 3527 3719 solacia
3550 3668 3689 3720 ferre
3713 3669 3945 3734 roganti,

2784 3747 2908 3782 cum
2931 3732 3066 3782 mihi
3085 3731 3239 3783 nulla
3262 3733 3368 3784 mei
3391 3733 3464 3784 sit
3488 3733 3756 3784 medicina
3781 3734 3909 3784 mali
3932 3752 3948 3794 ;

2720 3796 2813 3846 sed
2841 3797 3041 3862 pariter
3063 3797 3246 3848 miseri
3269 3797 3414 3848 socio
3437 3814 3690 3862 cogemur
3712 3815 3894 3850 amore

2784 3860 2925 3912 alter
2947 3862 3003 3912 in
3028 3861 3257 3912 alterius
3280 3868 3476 3914 mutua
3499 3862 3624 3914 flere
3648 3862 3788 3913 sinu.
4212 3878 4276 3928 30

2665 3937 2670 4006 g
2719 3942 2905 3991 quare,
2933 3926 3064 3992 quid
3091 3928 3260 4003 possit
3284 3944 3405 3978 mea
3429 3928 3689 4003 Cynthia,
3716 3928 3919 3988 desine,
3948 3927 4124 3989 Galle,

2783 4007 3043 4058 quaerere
3066 4012 3078 4043 ε
3115 4009 3222 4043 ιιοιι
3246 4009 3448 4059 inpune
3471 3993 3568 4043 111a
3591 3999 3782 4059 rogata
3806 3994 3974 4046 uenit.

3452 4201 3532 4253 VI

2717 4313 2841 4365 Non
2866 4328 2895 4363 e
2934 4328 2966 4362 o
2989 4329 3133 4364 nunc
3159 4313 3400 4365 Hadriae
3425 4331 3613 4366 uereor
3634 4332 3783 4366 mare
3807 4331 4024 4368 noscere
4048 4321 4248 4376 tecum,

2782 4377 2884 4429 Tul
2911 4394 2958 4439 e,
2987 4394 3163 4443 neque
3187 4381 3406 4444 Aegaeo
3429 4380 3625 4431 ducere
3649 4380 3775 4431 uela
3798 4380 3931 4441 sale,

2714 4459 2836 4494 cum
2863 4459 2972 4519 quo
2998 4442 3268 4508 Rhipaeos
3296 4445 3490 4510 possim
3517 4445 3871 4497 conscendere
3895 4449 4106 4497 montes

2780 4507 3119 4573 ultenusque
3142 4508 3329 4559 domos
3352 4509 3551 4561 uadere
3576 4510 3918 4561 Memnonias
3941 4529 3954 4571 3

2663 4573 2666 4582 '
2714 4572 2807 4623 sed
2833 4588 2918 4622 me
2942 4572 3253 4638 complexae
3276 4580 3616 4626 remorantur
3638 4575 3804 4626 uerba
3827 4575 4058 4641 puellae,
4243 4588 4269 4639 5

2781 4641 3102 4703 mutatoque
3124 4654 3319 4704 graues
3342 4655 3503 4705 saepe
3527 4639 3702 4690 colore
3727 4656 3923 4705 preces.

3269 4709 3375 4756 itat
3399 4705 3688 4755 noctibusi
3733 4719 3825 4755 nes

2781 4774 2836 4818 et
2861 4767 3107 4833 queritur
3129 4784 3200 4818 nu
3248 4786 3307 4819 os
3330 4785 3446 4821 esse
3471 4769 3662 4821 relicta
3724 4787 3832 4830 eos,

2781 4913 2921 4964 quae
2944 4897 3082 4950 solet
3104 4898 3319 4964 inarato
3341 4899 3516 4951 tristis
3538 4899 3716 4951 amica
3739 4900 3871 4950 uir0.
4214 4914 4270 4949 ιο

1833 5077 1957 5121 sper.
1993 5063 2051 5110 Ο.
2118 5064 2177 5107 12
2206 5078 2345 5120 οοῃοτ·
2375 5064 2436 5109 V.
2505 5065 2562 5108 16
2592 5077 2680 5121 pro
2710 5069 2752 5110 et
2783 5079 2926 5110 arma
2956 5064 3094 5111 uaria
3123 5067 3495 5124 temptauerunt
3525 5065 3665 5111 uelut
3695 5080 3827 5121 cam,
3862 5080 4040 5122 auam,
4075 5082 4265 5113 anun-a.

1051 5126 1109 5169 25
1139 5126 1394 5180 omniaque
1422 5132 1482 5179 Ω,
1504 5137 1623 5168 corr.
1650 5123 1830 5169 Dousa.
1896 5124 1955 5166 2⁶7
1974 5123 2118 5168 duxit
2141 5132 2197 5169 Ω.
2263 5124 2322 5166 29
2343 5123 2435 5168 sibi
2457 5131 2509 5168 A.
2576 5123 2633 5166 31
2649 5137 2775 5180 perc.
2805 5132 2858 5169 A.
2924 5124 2982 5167 33
3003 5138 3203 5181 compota

1054 5197 1258 5240 namque
1279 5191 1337 5237 Ω,
1364 5184 1555 5239 iamque
1575 5181 1685 5234 (hoc
1707 5198 1738 5224 ‘2-
1762 5182 1955 5238 Heins.)
1973 5184 2023 5227 et
2043 5182 2095 5227 in
2116 5182 2175 5225 38
2198 5183 2241 5226 τέ
2262 5181 2515 5239 Rossberg.
2571 5182 2629 5225 39

3200 5126 3275 5170 'tis
3295 5125 3354 5170 O.
3399 5126 3558 5170 ocellis
3580 5134 3628 5170 Φ.
3693 5126 3751 5168 37
3773 5139 3937 5182 ηαηρε
3956 5125 4266 5180 Burm(ann),

2645 5184 2889 5238 producas
2910 5183 3195 5240 Gryphiana
3215 5183 3288 5229 ed.
3311 5198 3355 5229 a.
3377 5183 3492 5229 1551
3514 5183 3644 5242 quod
3667 5184 3912 5230 usitatius.
3967 5185 4027 5229 43
4079 5189 4271 5231 rauitcr

2176 5240 2242 5284 1v
2271 5241 2301 5284 7
2323 5240 2530 5298 formosi
2549 5241 2627 5295 (ex
2660 5240 2689 5286 5
2719 5241 2929 5286 inlatum
2959 5246 3018 5287 ut
3048 5241 3174 5298 uid.)
3195 5244 3421 5299 temporie
3441 5251 3483 5287 Ω
3505 5242 3634 5301 quod
3667 5242 3784 5288 ferri
3811 5243 3997 5301 nequit,

2756 5301 2813 5344 13
2845 5305 2888 5346 et
2917 5314 3011 5346 orn.
3038 5299 3091 5356 F,
3117 5315 3208 5358 que
3237 5303 3348 5359 post
3369 5303 3466 5358 inq.
3494 5316 3640 5372 supra
3661 5301 3744 5346 lin.
3771 5302 3884 5348 add.
3950 5304 4010 5346 14
4027 5251 4264 5357 dctlg'elaeqensi,

3238 5360 3972 5476 ωὲἒῒᾳῖἶῖᾍζῗὶῗῖἳῖἕξιῧὶ.
4021 5362 4269 5467 ’ἓοαᾶἶοῗῖ

3203 5492 3327 5523 meos
3346 5486 3406 5523 Ω.
3460 5479 3490 5522 7
3510 5478 3625 5524 fort.
3650 5484 3882 5525 confflem.
3948 5479 3978 5523 8
3998 5481 4112 5525 sciet
4133 5479 4265 5537 Itali,

1048 5538 1161 5583 nolet
1193 5545 1252 5592 Ω,
1288 5536 1411 5581 uolet
1432 5535 1585 5582 Palm.
1650 5537 1679 5579 9
1708 5537 1817 5580 ruia
1838 5544 1896 5590 Ω,
1928 5549 2049 5582 corr.
2076 5548 2122 5580 n.
2149 5537 2331 5581 nostrin
2352 5543 2410 5590 Ω,
2436 5549 2556 5580 corr.
2583 5549 2631 5590 n,
2657 5536 2818 5580 uerbis
2839 5536 3043 5581 Housm.
3166 5511 3233 5580 Ἥ
3263 5537 3291 5579 3
3321 5550 3417 5593 quo
3445 5537 3575 5594 rhip.
3603 5551 3635 5582 n
3654 5555 3710 5593 μ,
3736 5539 3886 5594 cor-ip.
3912 5537 3974 5594 N,
3999 5539 4176 5596 ccv-rip.
4204 5539 4261 5585 O.

1044 5598 1076 5640 4
1094 5595 1579 5641 domo—Memnonia
1601 5593 1745 5640 Lech.
1792 5595 1939 5651 me(in
1962 5609 1984 5641 c
2005 5592 2258 5650 A)mon1'as
2278 5594 2336 5640 Ο.
2403 5595 2431 5638 6
2453 5593 2612 5639 dolore
2634 5594 2692 5640 Ο.
2757 5596 2786 5638 9
2807 5608 2854 5640 se
2875 5597 2976 5640 iam
2997 5594 3167 5644 Heius.
3233 5596 3292 5639 10
3311 5596 3442 5642 irato
3462 5605 3521 5652 Ω,
3545 5610 3666 5642 corr.
3695 5595 3827 5643 Itali.
