4890 6561
1685 489 1852 542 SEX.
1904 489 2294 543 PROPERTI
2333 490 2484 544 ΜΒ.
2532 490 2639 543 III
2677 491 2808 558 [ιν]
3779 496 3845 548 35

634 652 823 705 mollia
845 654 1110 705 Dircaeae
1133 653 1431 720 pulsabunt
1452 654 1705 720 cymbala
1726 656 1961 721 Thebae,
2357 662 2413 709 et
2435 656 2658 709 rabidae
2680 656 2931 709 stimulos
2954 656 3200 723 frangere
3222 656 3515 723 nequitiae.
3785 670 3845 707 10

633 718 1013 834 ..θῖῗᾶῗὲἰάτέ
1034 719 1446 836 ὓῖὲῗέἓιῖῗῖὲῗ
1454 720 1657 836 33⁰⁰?
1677 727 1897 838 3⁸22&
2292 722 2714 838 ‘ffliffiffl‘ssffissi
2736 721 3503 838 ‘z‘ffiffifflfflbssffld

700 848 898 899 tundet
920 800 1207 924 adffiaeos
1230 854 1496 915 tympana
1520 802 1682 902 rgtrica
1704 802 1907 903 αξιοι-οε.
2124 800 2188 853 3⁵
2293 851 2453 903 testis
2478 825 2685 902 Thessa
2707 868 2790 902 ico
2811 851 3046 917 flagrans
3069 851 3340 903 Salmonis
3364 826 3588 917 Enipe0‚

633 916 763 964 ante
786 912 930 963 fores
952 920 1063 963 tem
1105 913 1145 965 11
1167 921 1344 964 crater
1365 914 1633 966 antistitis
1657 931 1789 966 auro
2356 932 2499 982 quae
2521 915 2701 966 uoluit
2723 916 2932 982 liquido
2953 922 3075 968 tota
3096 916 3276 967 subire
3297 915 3412 967 deo.

698 977 935 1028 libatum
956 977 1056 1029 fun
1096 995 1191 1029 ens
1214 979 1270 1029 in
1294 984 1395 1029 tua
1416 995 1570 1029 sacra
1592 995 1815 1031 merum.
2291 996 2417 1031 nam
2441 980 2573 1047 quid
2599 980 2827 1031 Medeae
2849 981 3073 1032 referam
3100 996 3207 1056 quo
3229 986 3444 1046 pectore
3466 980 3658 1031 matris
3784 992 3840 1042 17

631 1040 767 1092 haec
788 1058 891 1105 ego
912 1059 1019 1093 non
1045 1042 1238 1093 humili
1262 1042 1489 1094 referam
1516 1044 1864 1096 memoranda
1884 1049 2129 1108 coturn0,
2355 1045 2494 1096 iram
2517 1050 2769 1096 natorum
2793 1046 2957 1097 caede
2979 1046 3158 1112 piamt
3181 1050 3367 1096 amor?

697 1106 876 1171 qualis
902 1107 1187 1158 Pindarico
1210 1107 1433 1174 spiritus
1456 1124 1545 1158 ore
1569 1114 1744 1160 tonat.
2124 1126 2190 1175 40
2288 1110 2495 1176 quidue
2519 1110 2966 1175 Clytaemestrae,
2994 1114 3207 1176 propter
3229 1126 3393 1175 quam
3417 1114 3538 1161 tota
3560 1108 3810 1175 Mycenis

632 1175 697 1222 tu
720 1171 881 1222 modo
903 1172 1130 1223 seruitio
1154 1188 1389 1223 uacuum
1411 1189 1499 1224 me
1521 1173 1653 1225 siste
1676 1174 1908 1240 superbo
2354 1174 2594 1236 infamis,
2621 1179 2709 1225 stu
2751 1192 2889 1236 rum,
2916 1180 3032 1226 stat
3056 1174 3290 1240 Pelopea
3311 1175 3541 1225 domus?
3780 1188 3846 1224 20

696 1241 864 1303 atque
886 1236 987 1288 hoc
1009 1236 1305 1288 sollicitum
1327 1237 1486 1289 uince
1508 1254 1696 1304 sopore
1719 1248 1902 1305 caput.
2289 1239 2493 1290 crimen
2518 1245 2574 1290 et
2597 1239 2695 1290 illa
2740 1239 2825 1290 uit
2848 1239 3026 1305 patria
3047 1255 3306 1290 succensa
3326 1244 3545 1291 senecta
3785 1249 3841 1301 15

2355 1303 2562 1355 arboris
2585 1304 2640 1354 in
2666 1303 2882 1355 frondes
2904 1304 3124 1355 condita
3148 1304 3207 1355 M
3250 1303 3377 1355 rrha
3398 1319 3588 1355 nouae.
3786 1305 3843 1352 16

2291 1372 2482 1434 tuque,
2509 1384 2541 1419 o
2565 1369 2755 1420 Minoa
2776 1369 3097 1420 uenundata
3116 1369 3218 1434 Scy
3244 1369 3299 1419 la
3323 1368 3496 1434 figura
3778 1381 3836 1417 21

1184 1441 1384 1493 xvm
1420 1442 1634 1506 [xvn]
2288 1438 2452 1549 1123?ss
2453 1433 3405 1564 ῗὲῑῗίἒὲἑῗὲἶῗῗιιζὲῗιῗὲζὲἰῑιῖῗέἷ
3408 1449 3555 1549 ἰἷᾏῗιῑ
3578 1518 3590 1530 ·

633 1554 867 1631 Clausus
889 1555 961 1607 ab
982 1555 1235 1607 umbroso
1257 1572 1367 1623 qua
1390 1556 1581 1607 tundit
1604 1561 1804 1622 pontus
1827 1557 2051 1611 Auerno
2355 1562 2506 1623 Nise,
2536 1569 2659 1613 tuas
2683 1568 2868 1629 portas
2891 1562 3080 1614 fraude
3103 1562 3323 1614 reclusit
3347 1578 3511 1614 amor.

696 1620 910 1672 fumida
931 1621 1189 1672 Baiarum
1212 1626 1411 1686 stagna
1432 1622 1669 1686 tepentis
1765 1639 1886 1684 uae,
2288 1643 2397 1677 non
2422 1632 2609 1678 tamen
2635 1626 2889 1678 inmerito
2914 1628 3094 1678 Minos
3117 1627 3271 1678 sedet
3294 1627 3495 1679 arbiter
3521 1625 3677 1678 Orci:
3777 1638 3840 1687 27

631 1700 742 1751 qua
764 1685 908 1736 iacet
929 1691 985 1737 et
1009 1685 1203 1736 Troiae
1226 1686 1446 1736 tubicen
1473 1686 1719 1737 Misenus
1781 1703 1963 1750 arena,
2352 1692 2530 1742 uictor
2552 1696 2670 1742 erat
2694 1692 2964 1757 quamuis,
2992 1708 3201 1758 aequus
3225 1692 3280 1742 in
3305 1691 3461 1743 hoste
3483 1691 3607 1743 fuit.
3776 1691 3841 1740 28

696 1754 754 1801 et
776 1754 937 1800 sonat
964 1750 1230 1802 Herculeo
1252 1754 1465 1801 structa
1487 1750 1669 1801 labore
1693 1752 1802 1812 uia,
2287 1759 2349 1807 at
2372 1761 2508 1817 (uos,
2536 1756 2816 1822 innuptae,
2843 1756 3056 1807 felicius
3078 1757 3222 1807 urite
3246 1756 3458 1820 taedas)
3777 1767 3839 1818 25

630 1812 735 1875 hic,
762 1814 856 1864 ubi
880 1814 1137 1866 mortales
1160 1814 1355 1866 dextra
1377 1831 1501 1866 cum
1524 1821 1807 1881 quaereret
1828 1815 1990 1869 urbes
2158 1830 2185 1883 5
2352 1821 2554 1887 pendet
2580 1821 2811 1873 Cretaea
2834 1825 3015 1873 tracta
3037 1820 3222 1888 puella
3243 1826 3379 1873 rate.
3777 1820 3841 1869 26

693 1878 948 1945 cymbala
971 1879 1231 1930 Thebano
1254 1895 1609 1945 concrepuere
1632 1881 1799 1931 deo—

631 1947 691 1995 at
713 1960 875 2005 nunc,
901 1944 1115 1995 inuisae
1139 1960 1338 2010 magno
1358 1960 1483 1995 cum
1507 1945 1730 1996 crimine
1756 1946 1940 2007 Baiae,

693 2008 817 2074 quis
841 2008 976 2059 deus
998 2009 1055 2059 in
1079 2013 1263 2060 uestra
1284 2009 1533 2060 constitit
1557 2009 1729 2060 hostis
1751 2026 1896 2076 aqua
1912 2015 1997 2061 2—
2807 2027 2916 2078 XX
2943 2027 3102 2092 [XIX
3125 2031 3182 2079 et
3204 2026 3334 2090 XX]

628 2071 718 2124 hic
740 2088 954 2139 pressus
978 2074 1199 2140 Stygias
1222 2073 1442 2124 uultum
1465 2073 1687 2125 demisit
1709 2074 1766 2125 in
1790 2076 1967 2126 undas

694 2142 842 2188 errat
864 2144 921 2189 et
944 2138 1000 2188 in
1024 2144 1209 2189 uestro
1231 2138 1455 2204 spiritus
1478 2138 1572 2189 ille
1596 2138 1733 2190 lacu.
2127 2155 2187 2192 ιο
2287 2139 2476 2192 Credis
2499 2156 2622 2191 eum
2646 2140 2757 2190 iam
2779 2156 2935 2207 posse
2958 2146 3091 2190 tuae
3113 2138 3421 2190 meminisse
3444 2138 3666 2204 figurae,

629 2202 759 2268 quid
781 2219 954 2267 genus
977 2209 1075 2253 aut
1098 2204 1275 2254 uirtus
1297 2208 1396 2254 aut
1420 2204 1628 2269 optima
1649 2203 1856 2269 profuit
1878 2204 1961 2256 illi
2350 2203 2543 2255 uidisti
2567 2221 2601 2255 a
2622 2204 2762 2255 lecto
2785 2221 2944 2270 quem
2969 2204 3098 2256 dare
3121 2204 3248 2254 uela
3269 2208 3400 2254 tuo!

693 2274 885 2326 mater,
911 2272 969 2318 et
991 2268 1304 2333 amplexum
1330 2267 1578 2319 Caesaris
1600 2284 1717 2319 esse
1741 2268 1924 2320 focos?
2285 2268 2470 2330 durus,
2497 2269 2593 2335 qui
2616 2269 2764 2319 lucro
2788 2269 2970 2335 potuit
2992 2275 3205 2320 mutare
3230 2267 3465 2334 puellam
3494 2272 3504 2318 2

626 2337 726 2382 aut
749 2332 908 2382 modo
930 2337 1046 2383 tam
1072 2333 1230 2398 pleno
1255 2331 1533 2383 fluitantia
1557 2332 1682 2384 uela
1704 2333 1924 2385 theatro
2349 2334 2585 2394 tantine,
2612 2339 2677 2384 ut
2699 2334 2966 2394 lacrimes,
2995 2333 3186 2384 Africa
3209 2337 3328 2384 tota
3351 2332 3492 2383 fuit?

692 2402 868 2511 etdper
890 2403 1166 2448 maternas
1190 2397 1372 2448 omnia
1394 2405 1551 2462 gesta
1572 2403 1805 2448 manus?
2283 2404 2345 2449 at
2371 2404 2432 2449 tu
2457 2398 2635 2449 stulta
2655 2398 2876 2449 adeo's!
2898 2404 2961 2449 tu
2986 2398 3144 2464 fingis
3166 2397 3356 2448 inania
3378 2397 3581 2448 uerba?
3810 2407 3838 2460 5

628 2461 739 2511 occi
800 2465 843 2521 t,
870 2467 928 2512 et
950 2461 1145 2512 misero
1168 2467 1402 2513 steterat
1425 2462 1717 2513 uicesimus
1740 2478 1916 2514 annus
1938 2484 1951 2515 :
2125 2477 2180 2530 15
2349 2462 2582 2514 forsitan
2606 2462 2700 2514 ille
2723 2462 2832 2514 alio
2855 2468 3044 2529 pectus
3066 2478 3248 2513 amore
3271 2462 3418 2513 terit.

694 2531 777 2577 tot
800 2525 943 2577 bona
967 2531 1081 2577 tam
1105 2542 1274 2592 paruo
1298 2526 1496 2577 clausit
1519 2527 1574 2577 in
1599 2527 1726 2579 orbe
1750 2528 1880 2578 dies.
2283 2533 2368 2579 est
2390 2528 2492 2578 tibi
2517 2527 2691 2579 forma
2712 2532 2921 2593 potens,
2947 2532 3077 2578 sunt
3100 2533 3285 2578 castae
3311 2526 3550 2577 Palladis
3574 2530 3738 2589 artes,

626 2589 648 2640 i
670 2605 832 2649 nunc,
860 2590 991 2641 tolle
1014 2592 1225 2642 animos
1248 2596 1304 2642 et
1326 2598 1509 2642 tecum
1535 2592 1675 2657 linge
1698 2592 2021 2658 triumphos,
2347 2592 2739 2658 splendidaque
2762 2609 2797 2643 a
2819 2592 2978 2643 docto
3000 2592 3147 2643 fama
3170 2591 3403 2656 refulget
3425 2607 3530 2642 auo
3549 2610 3564 2650 ;

692 2655 1007 2721 stantiaque
1031 2656 1086 2706 in
1112 2655 1365 2721 plausum
1390 2661 1507 2707 tota
1533 2656 1749 2707 theatra
1773 2656 2001 2718 iuuent;
2282 2655 2566 2707 fortunata
2587 2657 2797 2717 domus,
2825 2657 2986 2707 modo
3007 2657 3080 2707 sit
3103 2656 3207 2707 tibi
3230 2656 3369 2706 fidus
3393 2656 3615 2707 amicus.

626 2718 900 2771 Attalicas
922 2736 1121 2795 supera
1141 2726 1341 2780 uestes,
1368 2726 1535 2787 atque
1558 2722 1741 2771 omnia
1764 2722 1977 2787 magnis
2345 2721 2489 2773 fidus
2512 2737 2634 2773 ero:
2669 2722 2727 2773 in
2751 2727 2963 2772 nostros
2986 2737 3155 2782 curre,
3182 2720 3383 2787 puella,
3411 2725 3570 2771 toros.
3773 2734 3838 2771 ιο

759 2800 936 2835 mmea
957 2790 1071 2836 smt
1093 2785 1238 2835 ludis
1260 2806 1272 2836 ι
1308 2785 1526 2850 ignibus
1549 2785 1659 2836 ista
1679 2785 1850 2836 dabis.
2116 2802 2183 2839 20

742 2853 926 2900 tamen
949 2849 1056 2900 huc
1077 2866 1280 2908 omnes,
1307 2849 1413 2900 huc
1438 2850 1641 2915 primus
1664 2855 1722 2901 et
1745 2850 1972 2902 ultimus
1994 2850 2156 2904 ordo:
2283 2850 2408 2901 Nox
2465 2850 2600 2901 mihi
2657 2850 2832 2916 prima
2885 2850 3056 2902 uenit.
3150 2849 3354 2916 primae
3411 2848 3539 2901 date
3592 2853 3839 2915 tempora

689 2919 773 2963 est
796 2913 959 2974 mala,
987 2914 1081 2966 sed
1105 2914 1316 2965 cunctis
1340 2914 1448 2965 ista
1471 2914 1699 2966 terenda
1720 2914 1817 2966 uia
1837 2921 1936 2968 est.
2477 2915 2652 2967 noctis
2675 2936 2686 2967 ε
3780 2929 3837 2978 13

626 2978 903 3029 exoranda
924 2979 1076 3029 canis
1098 2979 1207 3030 tria
1230 2983 1362 3029 sunt
1385 2979 1650 3030 latrantia
1673 2979 1813 3030 colla
1833 2999 1846 3040 ;
2346 2979 2562 3046 longius
2584 2980 2641 3030 in
2666 2979 2852 3045 prim0,
2883 2979 3055 3040 Luna,
3083 2994 3291 3029 morare
3314 2983 3433 3029 toro
3455 2998 3467 3029 ε
3780 2994 3838 3039 14

688 3042 1000 3094 scandenda
1022 3049 1106 3095 est
1130 3044 1273 3095 torui
1298 3043 1516 3109 publica
1538 3044 1733 3110 cymba
1755 3044 1915 3096 senis.
2280 3049 2345 3096 tu
2368 3061 2601 3160 ᾳιιὶιοιῗιθο,
2629 3044 2723 3110 qui
2745 3044 2984 3095 aestiuos
3006 3043 3297 3109 spatiosius
3314 3042 3493 3119 exigis
3515 3042 3681 3109 ignes,
3780 3058 3798 3092 1
3813 3059 3831 3092 1

1371 3127 1396 3155 t
2347 3109 2393 3159 P
2433 3126 2496 3162 oe
2568 3148 2581 3170 ,
2608 3113 2915 3159 moraturae
2938 3108 3198 3160 contrahe
3221 3107 3357 3158 lucis
3382 3108 3497 3158 iter.
3779 3122 3836 3158 12

625 3170 719 3223 ille
740 3170 873 3223 licet
894 3171 1036 3223 ferro
1058 3176 1256 3223 cautus
1277 3188 1335 3223 se
1358 3171 1560 3223 condat
1583 3176 1641 3224 et
1662 3188 1804 3235 aere,
2116 3189 2145 3224 2
2151 3188 2178 3241 5
2281 3190 2445 3241 quam
2472 3174 2679 3225 multae
2701 3181 2832 3224 ante
2855 3172 2990 3224 meis
3002 3173 3197 3224 cedent
3214 3172 3551 3223 sermonibus
3564 3170 3746 3234 horae,
3780 3187 3838 3234 19

689 3252 834 3288 mors
854 3242 1037 3289 tamen
1061 3237 1332 3289 inclusum
1357 3237 1624 3304 protrahit
1647 3237 1773 3290 inde
1796 3241 1977 3304 caput.
2346 3238 2530 3291 dulcia
2553 3255 2717 3306 quam
2743 3237 2897 3289 nobis
2920 3238 3154 3290 concitet
3177 3254 3330 3289 arma
3352 3236 3540 3289 Venus
3565 3243 3576 3289 2
3772 3252 3839 3288 20

625 3301 796 3354 Nirea
816 3319 923 3353 non
948 3303 1132 3364 facieS,
1161 3319 1266 3353 non
1291 3302 1377 3353 uis
1399 3304 1603 3355 exemit
1625 3303 1916 3365 Achillem,
2281 3304 2501 3355 foedera
2521 3310 2654 3355 sunt
2678 3304 2926 3370 ponenda
2951 3304 3097 3369 prius
3119 3302 3493 3369 signandaque
3516 3302 3637 3353 iura
3782 3315 3835 3367 15

689 3367 951 3419 Croesum
973 3372 1089 3429 aut,
1118 3367 1326 3418 Pactoli
1352 3384 1489 3434 quas
1584 3368 1656 3418 rit
1679 3384 1851 3430 umor,
1878 3384 2022 3433 opes.
2347 3377 2404 3420 et
2426 3369 2711 3421 scribenda
2735 3368 2869 3419 mihi
2893 3367 2982 3419 lex
3004 3368 3062 3419 in
3085 3385 3267 3419 amore
3291 3383 3449 3419 nouo.

626 3431 741 3498 (hic
766 3432 894 3482 olim
918 3432 1135 3498 ignaros
1158 3432 1341 3483 luctus
1366 3384 1652 3507 populabit
1676 3433 1937 3495 Achiuos,
2280 3433 2415 3485 haec
2439 3435 2610 3485 Amor
2632 3434 2748 3499 ipse
2770 3450 2869 3485 suo
2891 3433 3226 3499 constringet
3249 3432 3474 3498 pignera
3494 3431 3650 3498 signo
3671 3451 3684 3483 z

689 3497 923 3548 Atridae
947 3514 1145 3560 magno
1168 3513 1291 3548 cum
1314 3503 1474 3549 stetit
1497 3497 1637 3548 alter
1659 3498 1861 3561 amor.)
2116 3513 2183 3564 30
2346 3498 2508 3549 testis
2531 3498 2771 3549 sidereae
2796 3502 2914 3549 tota
2936 3514 3131 3548 corona
3155 3498 3303 3549 deae.

624 3566 685 3612 at
707 3560 811 3612 tibi
838 3567 1026 3623 nauta,
1054 3561 1173 3628 pias
1195 3561 1477 3613 hominum
1500 3561 1597 3628 qui
1622 3562 1807 3613 traicit
1830 3562 2068 3624 umbras,
2280 3579 2520 3629 namque
2543 3563 2638 3613 ubi
2661 3579 2767 3613 non
2791 3567 2940 3613 certo
2962 3562 3203 3612 uincitur
3224 3561 3438 3612 foedere
3460 3560 3654 3622 lectus,
3692 3579 3699 3585 ·
3774 3576 3831 3611 21

689 3624 791 3676 hac
815 3627 1030 3678 animae
1055 3631 1232 3692 portet
1256 3643 1447 3692 corpus
1470 3627 1632 3677 inane
1656 3631 1803 3687 tuae,
2347 3644 2454 3678 non
2479 3627 2646 3679 habet
2668 3627 2875 3678 ultores
2899 3642 3005 3676 nox
3033 3626 3314 3692 uigilanda
3336 3626 3480 3684 deos,

625 3704 736 3756 qua
758 3691 974 3741 Siculae
997 3691 1174 3743 uictor
1196 3691 1409 3742 telluris
1434 3690 1699 3743 Claudius
1721 3695 1778 3742 et
1798 3707 1912 3757 qua
2281 3696 2340 3744 et
2362 3692 2563 3758 quibus
2583 3692 2845 3757 inposuit,
2872 3690 3040 3741 soluit
3063 3707 3187 3741 mox
3213 3690 3396 3741 uincla
3417 3689 3619 3741 libido:

690 3755 891 3806 Caesar
907 3756 980 3807 ab
1000 3755 1245 3807 humana
1265 3756 1429 3808 cessit
1449 3755 1506 3807 in
1530 3761 1681 3808 astra
1702 3755 1836 3808 uice.
2346 3757 2664 3808 contineant
2687 3756 2841 3806 nobis
2864 3755 3048 3806 omina
3070 3755 3244 3820 prima
3267 3755 3442 3806 fldem.

1016 3841 1025 3858 ⁴
2282 3837 2426 3888 erg0,
2454 3822 2550 3888 qui
2575 3826 2754 3872 tactas
2776 3821 2834 3871 in
2856 3820 3073 3871 foedera
3095 3819 3302 3886 ruperit
3325 3835 3466 3881 aras,
3774 3831 3836 3883 25

2348 3884 2711 3962 pollueritque
2734 3901 2877 3936 nouo
2899 3901 3054 3935 sacra
3074 3885 3272 3935 marita
3296 3889 3430 3945 tor-0,

1199 3960 1338 4012 XIX
1362 3961 1607 4025 [XVIII]
2283 3951 2365 4001 ilh
2387 3951 2499 4001 sint
2523 3951 2852 4017 quicumque
2874 3949 3053 4001 solent
3076 3950 3131 3999 in
3157 3965 3339 4000 amore
3362 3948 3588 4011 dolores,

2347 4021 2405 4066 et
2427 4021 2593 4080 caput
2614 4021 2841 4080 argutae
2865 4014 3124 4080 praebeat
3147 4013 3420 4074 historiae,

624 4075 872 4128 Obicitur
896 4074 1098 4127 totiens
1121 4091 1156 4126 a
1179 4080 1234 4126 te
1260 4075 1391 4126 mihi
1418 4080 1604 4127 nostra
1626 4076 1830 4129 libido:
2282 4095 2381 4131 nec
2407 4079 2561 4130 flenti
2583 4079 2835 4130 dominae
2858 4078 3123 4144 patefiant
3148 4083 3305 4129 nocte
3329 4077 3631 4129 fenestrae:

686 4140 842 4192 crede
866 4140 1017 4200 mihi,
1046 4140 1203 4191 uobis
1226 4140 1457 4216 imperat
1479 4142 1589 4192 ista
1613 4143 1800 4204 magis.
2347 4160 2560 4211 semper
2581 4148 2748 4206 amet,
2775 4143 2957 4194 fructu
2981 4159 3191 4210 semper
3212 4143 3411 4195 amoris
3434 4158 3614 4209 egens.
3776 4156 3839 4206 30

622 4221 739 4267 uos,
766 4204 860 4255 ubi
883 4205 1180 4270 contempti
1206 4206 1428 4270 ruplstis
1452 4205 1604 4256 frena
1628 4206 1865 4272 pudoris,

686 4269 908 4321 nescitis
930 4269 1160 4335 cupidae
1185 4271 1384 4321 mentis
1408 4270 1606 4321 habere
1630 4271 1867 4322 modum.

620 4334 845 4386 flamma
867 4350 961 4399 per
982 4334 1232 4385 incensas
1256 4335 1420 4385 citius
1442 4334 1665 4386 sedetur
1685 4335 1904 4395 aristas,
2152 4348 2180 4401 5
2984 4347 3123 4400 ΧΧῙ

686 4398 1020 4465 fluminaque
1043 4398 1112 4448 ad
1138 4398 1307 4449 fontis
1330 4405 1460 4450 sunt
1483 4399 1726 4451 reditura
1749 4407 1934 4465 caput,

620 4468 676 4517 et
699 4464 972 4530 placidum
997 4464 1184 4529 Syrtes
1207 4469 1422 4530 portum
1447 4470 1503 4514 et
1526 4464 1669 4516 bona
1692 4464 1852 4516 litora
1874 4464 2060 4515 nautis
2280 4463 2548 4529 Magnum
2573 4463 2679 4515 iter
2700 4462 2770 4514 ad
2794 4463 2981 4514 doctas
3005 4461 3265 4528 proficisci
3291 4478 3447 4538 cogor
3471 4462 3740 4524 Athenas,

686 4528 944 4594 praebeat
969 4528 1204 4593 hospitio
1226 4544 1393 4579 saeua
1418 4528 1603 4580 Malea
1627 4545 1744 4590 suo,
2346 4533 2412 4579 ut
2434 4544 2522 4579 me
2540 4528 2702 4594 longa
2723 4528 2880 4593 graui
2904 4527 3085 4578 soluat
3108 4543 3289 4578 amore
3312 4543 3421 4578 uia.

621 4609 786 4660 quam
809 4592 979 4659 possit
1002 4598 1211 4644 uestros
1235 4593 1523 4659 quisquam
1547 4593 1933 4661 reprehendere
1955 4609 2143 4644 cursus
2281 4593 2475 4645 crescit
2498 4593 2643 4644 enim
2667 4591 2884 4644 assidue
2908 4591 3203 4659 spectando
3225 4607 3357 4642 cura
3380 4590 3594 4657 puellae
3617 4611 3629 4642 ε

736 4745 872 4791 xvn
899 4747 957 4791 3³
986 4747 1134 4803 cymb.
1161 4747 1351 4804 Burm.,
1375 4752 1609 4806 tympana
1631 4758 1689 4794 Ω.
1754 4750 1813 4793 8³
1846 4747 2069 4805 Cybeufle
2089 4758 2149 4803 52,
2172 4751 2232 4794 ut
2252 4746 2384 4794 alibi.
2449 4747 2507 4790 3⁶
2528 4745 2706 4802 fundet
2729 4754 2787 4802 Ω,
2822 4760 2941 4791 corr.
2970 4743 3094 4791 Scal.
3140 4749 3286 4801 tymp.
3314 4744 3502 4801 Burm.,
3538 4744 3756 4801 cymbala
3776 4755 3835 4792 Ω.

618 4804 778 4850 XVIII
807 4807 835 4849 1
866 4806 998 4851 ludit
1027 4816 1087 4861 Ω,
1122 4820 1241 4852 corr.
1278 4807 1453 4852 Baehr.
1519 4808 1547 4850 3
1582 4811 1721 4853 sonat
1756 4810 1808 4853 et
1838 4808 1890 4853 in
1919 4809 1951 4851 4
1980 4810 2101 4853 ιἀσει
2133 4806 2417 4852 dubitanter
2449 4805 2572 4851 coni.
2598 4804 2774 4850 Baehr.
2848 4806 2878 4848 δ
2908 4804 3129 4849 mortalis
3160 4804 3218 4850 O.
3263 4804 3428 4849 dener
3458 4813 3490 4847 Φ
3508 4803 3569 4849 Ν.
3623 4804 3843 4851 conderet

621 4864 904 4911 Beroaldus.
969 4866 998 4908 9
1028 4866 1108 4911 hic
1139 4866 1377 4922 Guyetus,
1402 4866 1483 4911 Ιιίε
1502 4876 1560 4911 Ω.
1626 4867 1686 4910 10
1704 4871 1748 4911 et
1768 4865 1964 4923 inferno
1986 4866 2191 4911 Housm.
2256 4866 2315 4909 18
2326 4864 2628 4920 fluctuantia
2649 4864 2702 4909 F.
2768 4863 2829 4906 20
2853 4865 3049 4919 yemina
3069 4861 3122 4918 L,
3147 4863 3331 4908 semina
3353 4862 3399 4906 D
3417 4861 3474 4908 V.
3521 4867 3638 4907 eunt
3657 4862 3715 4908 O.
3782 4863 3840 4906 21

620 4924 714 4969 huc
741 4938 783 4969 ο.
809 4923 846 4977 f,
871 4924 957 4968 hoc
984 4937 1026 4969 ο.
1053 4933 1094 4968 Ω
1116 4923 1247 4969 unde
1278 4929 1438 4970 manet
1464 4925 1552 4970 hoc
1572 4938 1613 4970 ο.
1639 4924 1819 4979 (manet
1849 4925 1944 4970 iam
1967 4923 2101 4980 Keil)
2122 4923 2277 4970 Palm.
2302 4923 2434 4982 quod
2462 4923 2503 4968 si
2524 4935 2694 4967 uerum
2717 4921 2831 4968 fort.
2857 4921 3066 4967 conicias
3095 4922 3137 4967 it
3162 4923 3369 4978 primus,
3396 4921 3448 4966 it.
3513 4921 3572 4963 24
3601 4923 3735 4966 torui
3754 4921 3778 4966 f
3790 4935 3837 4977 v,

617 4983 735 5029 torti
754 4991 787 5026 Φ
805 4982 869 5038 D,
894 4983 1017 5027 troci
1036 4982 1115 5036 N;
1137 4986 1247 5040 post
1269 4982 1317 5028 h.
1342 4997 1391 5029 ιι.
1417 4983 1668 5028 intercidit
1687 4983 1887 5041 aliquid,
1914 4984 2119 5029 Housm.
2145 4983 2240 5028 huc
2262 4982 2428 5028 traicit
2450 4981 2502 5027 11
2522 4981 2595 5027 28.
2620 4981 2680 5029 57
2700 4995 2770 5039 sq.
2826 4981 2884 5024 26
2904 4981 3067 5026 Nerea
3088 4990 3146 5026 52.
3201 4981 3260 5022 28
3277 4981 3454 5036 premit
3475 4979 3527 5024 F.
3582 4979 3655 5034 29,
3682 4980 3741 5023 ³0
3760 4979 3840 5025 hic

618 5040 803 5087 alienos
833 5055 936 5086 esse
966 5040 1115 5086 multi
1145 5041 1392 5097 uiderunt,
1428 5044 1540 5100 post
1571 5042 1646 5086 lv
1676 5042 1718 5088 6.
1744 5042 1803 5087 34
1833 5043 1973 5100 ponit
1998 5042 2204 5088 Housm.
2269 5042 2327 5085 31
2358 5041 2533 5086 ιναίσίε
2553 5049 2611 5096 Ω,
2637 5053 2757 5085 corr.
2783 5038 2948 5097 Paley.
3013 5040 3072 5082 32
3102 5039 3193 5084 hac
3224 5038 3303 5084 Gu
3339 5041 3461 5083 etus.
3513 5042 3669 5094 portet
3704 5037 3834 5084 ‘cod.

618 5099 801 5156 Regius
818 5094 830 5116 '
849 5098 1013 5157 Paley.
1059 5112 1177 5145 suae
1198 5117 1245 5156 τ,
1272 5103 1359 5145 uia
1382 5100 1586 5146 Housm.
1652 5102 1712 5144 84
1731 5103 1836 5147 m'oe
1850 5101 2046 5157 Baehr.,
2063 5103 2152 5146 uia
2166 5110 2227 5147 Ω.
2348 5098 2462 5142 m
2479 5100 2511 5142 4
2530 5099 2737 5155 cupidae
2758 5097 3012 5154 Rossberg,
3036 5103 3204 5154 captae
3226 5107 3262 5143 Δ
3331 5131 3343 5152 ,
3363 5097 3506 5142 libere
3527 5106 3576 5143 Φ.
3640 5097 3670 5140 6
3682 5096 3842 5153 fontes

618 5158 672 5214 L,
697 5162 878 5203 monta
898 5158 949 5203 F.
995 5163 1109 5203 sunt
1130 5173 1235 5215 nos,
1258 5159 1357 5205 sint
1378 5169 1435 5205 Ω.
1501 5160 1530 5202 9
1551 5173 1602 5204 re
1663 5160 1831 5205 cratere
1853 5170 1907 5206 Δ.
1972 5160 2032 5204 10
2061 5160 2269 5216 rapidae
2289 5168 2347 5204 Ω.
2402 5159 2463 5201 12
2482 5160 2654 5213 aiegnw
2674 5158 2736 5203 N.
2782 5157 2894 5202 boui
2908 5165 2967 5202 Ω.
3020 5156 3093 5211 15,
3119 5157 3178 5199 18
3198 5158 3310 5214 post
3329 5155 3389 5199 20
3409 5158 3593 5213 transp.
3619 5168 3722 5202 nos.
3781 5156 3840 5200 17

617 5231 661 5274 q.
687 5221 894 5273 tempore
913 5226 971 5272 Ω,
997 5231 1115 5262 corr.
1144 5217 1297 5263 Palm.
1362 5218 1421 5261 19
1451 5217 1597 5274 elyas
1694 5223 1882 5264 nestrae
1903 5226 1956 5265 Δ.
2031 5218 2091 5262 20
2120 5222 2196 5264 stu
2251 5231 2346 5262 *um
2375 5231 2479 5271 nos,
2515 5215 2621 5262 coll.
2649 5215 2725 5260 IV
2745 5216 2786 5264 7.
2812 5215 2886 5271 57,
2911 5220 3078 5272 stupro
3098 5224 3156 5261 Ω.
3221 5215 3279 5258 21
3309 5213 3716 5272 interpunximus.
3782 5215 3840 5258 22

613 5288 1162 5333 purpuream—comam
1192 5275 1465 5322 Markland.
1533 5277 1605 5331 25,
1631 5278 1691 5320 28
1809 5280 1832 5322 t
1861 5277 1921 5321 28
1954 5279 2137 5335 transp.
2217 5290 2369 5322 ousm.
2434 5276 2495 5319 2³
2524 5275 2756 5321 distinxit
2777 5274 2887 5320 Leo.
3010 5272 3100 5317 XX
3128 5274 3156 5317 1
3187 5275 3315 5319 enim
3337 5273 3398 5319 D.
3462 5274 3494 5316 4
3524 5275 3735 5318 tami-me
3754 5272 3838 5329 (N,

619 5335 772 5380 tantis
793 5333 857 5388 Ο)
890 5336 944 5379 in
974 5335 1195 5380 lacrimis
1215 5344 1274 5391 Ω,
1309 5349 1429 5380 corr.
1466 5335 1636 5381 Heins.
1759 5337 1869 5382 deos
1896 5345 1954 5393 Ω,
1990 5350 2112 5381 corr.
2137 5334 2389 5392 Rossberg.
2433 5348 2559 5380 uera
2590 5333 2755 5390 Lach„
2783 5339 2895 5378 uota
2915 5332 3092 5378 Baehr.
3155 5333 3185 5376 ⁶
3215 5337 3339 5378 terat
3359 5331 3476 5386 FN,
3506 5336 3636 5377 creat
3664 5331 3716 5376 L.
3783 5332 3839 5374 u

617 5398 766 5447 tuque
789 5406 817 5438 ο
837 5391 983 5438 Lach.
1029 5392 1225 5449 spat-effi
1257 5393 1427 5448 monus
1454 5395 1512 5441 O.
1578 5395 1651 5448 13,
1687 5394 1747 5437 14
1775 5398 1892 5441 ante
1924 5395 1980 5438 11
2012 5397 2197 5451 transp.
2227 5393 2352 5439 Scal.
2386 5392 2519 5439 idem
2551 5393 2607 5435 u
2637 5406 2694 5451 sq
2730 5426 2741 5438 .
2777 5406 2808 5438 a
2832 5391 3070 5450 prioribus
3097 5391 3359 5449 separauit.
3405 5392 3532 5436 nocti
3563 5389 3718 5436 Palm.
3782 5391 3841 5433 1³

618 5452 867 5497 condenda
889 5451 1060 5497 Heins.
1126 5452 1184 5496 17
1211 5455 1502 5509 constrivmet
1531 5452 1815 5509 Beroaldus,
1851 5455 2142 5509 constritavit
2172 5453 2235 5508 N,
2270 5450 2536 5508 consrinyit
2565 5451 2622 5497 Ο.
2679 5452 2707 5494 1
2769 5455 2896 5497 torta
2927 5460 2970 5496 Ω
3001 5450 3133 5508 quod
3157 5450 3253 5496 def.
3280 5447 3480 5495 Hertzb.
3534 5449 3607 5504 19,
3642 5448 3702 5492 20
3730 5452 3842 5506 post

618 5510 679 5554 12
705 5513 890 5568 transp.
917 5509 1061 5556 Lach.
1127 5512 1186 5554 19
1213 5511 1386 5557 cedant
1407 5521 1445 5557 Δ
1464 5512 1516 5557 L.
1581 5512 1640 5554 23
1661 5526 1756 5557 nox
1776 5522 1835 5557 Ω.
1900 5512 1961 5555 24
1979 5513 2145 5557 omnia
2166 5520 2224 5556 Ω.
2289 5512 2349 5554 25
2369 5516 2525 5556 tactas
2544 5509 2650 5555 cod.
2674 5509 2828 5565 Pasa,
2849 5515 3022 5566 pactas
3040 5519 3099 5565 Ω,
3124 5514 3255 5554 tacta
3274 5507 3399 5567 sies.
3426 5522 3469 5555 r.
3494 5521 3590 5553 ara
3611 5506 3837 5566 Housm.,

618 5568 753 5615 baud
771 5569 871 5615 scio
890 5583 953 5616 an
976 5572 1125 5617 recte.
1188 5570 1247 5614 29
1267 5569 1385 5617 fort.
1410 5571 1579 5627 durae,
1605 5570 1669 5618 cf.
1694 5570 1758 5617 ad
1780 5571 1832 5616 11
1852 5570 1926 5618 25.
1954 5571 2026 5621 17.
2148 5568 2262 5614 m
2282 5570 2312 5614 3
2332 5569 2583 5627 spectandi
2602 5569 2666 5625 N,
2691 5570 2927 5627 spectanti
2947 5568 3232 5626 nescioquis.
