4890 6561
1071 516 1135 567 38
2138 513 2304 567 SEX.
2355 512 2747 567 PROPERTI
2785 514 2934 569 LIB.
2985 513 3081 568 IV
3116 515 3217 579 [V]

1073 676 1302 728 accersis
1322 675 1576 728 lacrimas
1599 680 1844 738 cantans,
1871 691 2097 728 auersus
2120 677 2353 744 Apollo:

1071 741 1608 857 affiiffrssssissgffiss
1621 741 1829 857 3333„
1855 742 2214 874 1933313·
2222 812 2382 860 uates

1938 845 1952 867 9

1071 871 2229 1002 m§zffixssgfiffiffiffissssffflgfffflffius
2256 937 2468 1004 norops

1139 1000 1342 1060 Horon,
1371 1004 1429 1051 01
1451 1017 1486 1051 a
1508 1017 1714 1066 proauo
1735 1000 1904 1052 ducta
1926 1000 2144 1052 Conone
2166 1002 2373 1053 domus.

1071 1064 1128 1115 di
1152 1064 1287 1115 mihi
1309 1069 1440 1116 sunt
1461 1070 1632 1116 testes
1655 1082 1761 1115 non
1785 1065 2139 1130 degenerasse
2163 1067 2508 1134 propinquos,

1136 1130 1302 1196 inque
1325 1130 1462 1181 meis
1485 1130 1637 1180 libris
1660 1129 1739 1179 nil
1764 1131 1914 1195 prius
1936 1147 2053 1181 esse
2078 1131 2197 1182 fide.
2563 1131 2630 1183 80

1069 1210 1215 1245 nunc
1239 1195 1475 1259 pretium
1497 1193 1671 1245 fecere
1694 1194 1824 1246 deos
1849 1201 1907 1245 et
1928 1194 2172 1246 fallimus
2196 1212 2328 1247 auro

1136 1259 1406 1325 (Iuppiter
1427 1263 1461 1320 !)
1495 1258 1750 1326 obliquae
1772 1259 1930 1325 signa
1952 1259 2153 1312 iterata
2174 1267 2343 1322 rotae,

1069 1322 1361 1391 felicesque
1388 1324 1533 1375 Iouis
1555 1324 1745 1376 stellas
1769 1324 2074 1391 Martisque
2096 1326 2307 1390 rapacis

1136 1393 1193 1439 et
1252 1405 1383 1440 raue
1406 1390 1629 1440 Saturni
1652 1389 1804 1440 sidus
1826 1390 1882 1439 in
1906 1406 2065 1440 omne
2088 1394 2270 1465 caput,

1071 1452 1193 1518 (qui
1256 1459 1514 1504 moneant
1538 1453 1719 1505 Pisces
1742 1454 2095 1519 animosaque
2118 1471 2276 1520 signa
2300 1454 2514 1517 Leonis,
2566 1456 2629 1518 85

1136 1516 1282 1568 lotus
1305 1522 1363 1569 et
1388 1519 1654 1583 Hesperia
1676 1519 1808 1584 quid
1833 1519 2192 1584 Capricornus
2215 1520 2412 1585 aqua.)
2565 1520 2631 1570 86

1069 1581 1187 1632 dixi
1210 1599 1326 1647 eg0,
1354 1599 1476 1633 cum
1500 1583 1744 1649 geminos
1769 1583 2089 1648 produceret
2112 1583 2274 1635 Arria
2294 1591 2455 1635 natos
2565 1585 2631 1647 89

1135 1646 1255 1707 (illa
1277 1647 1445 1698 dabat
1469 1648 1615 1698 natis
1638 1663 1793 1697 arma
1815 1653 2042 1698 uetante
2066 1648 2206 1709 deo),

1068 1726 1177 1761 11οο
1202 1728 1357 1776 posse
1380 1711 1449 1762 ad
1474 1712 1677 1777 patrios
1701 1728 1803 1762 sua
1827 1712 1939 1778 pila
1962 1711 2157 1763 referre
2182 1714 2417 1764 Penates
2438 1733 2452 1765 ε

1132 1792 1325 1841 nempe
1348 1792 1525 1827 meam
1550 1778 1770 1827 firmant
1793 1793 1938 1827 nunc
1961 1776 2069 1827 duo
2094 1777 2258 1828 busta
2282 1778 2459 1829 fidem.

1067 1840 2329 1972 qussssfiesssip‘i-ffissi’sffi‘luffl533322522‘53‘
2351 1858 2463 1904 ‘³³⁸’

1065 1968 1259 2020 Gallus
1283 1974 1359 2030 at,
1386 1922 1443 2020 81
1468 1970 1661 2020 0001110
1686 1970 1817 2020 (1001
1841 1970 2049 2021 credita
2070 1970 2228 2036 signa
2251 1976 2456 2033 tuetur,
2562 1982 2626 2037 95

1129 2033 1366 2084 concidit
1387 2041 1518 2086 ante
1541 2034 1760 2101 aquilae
1782 2040 1959 2085 rostra
1981 2040 2207 2085 cruenta
2229 2052 2375 2087 suae.

1064 2097 1264 2149 fatales
1288 2100 1456 2164 pueri,
1484 2099 1594 2150 duo
1617 2099 1810 2149 funera
1833 2099 2025 2149 matris
2046 2115 2266 2163 auarae,

1129 2179 1276 2223 uera,
1304 2163 1396 2214 sed
1421 2164 1616 2223 inuit0,
1643 2164 1876 2229 contigit
1899 2164 2007 2214 ista
2031 2164 2184 2215 fides.

1062 2226 1209 2278 idem
1232 2244 1349 2293 eg0,
1376 2245 1499 2279 cum
1524 2229 1757 2280 Cinarae
1781 2227 2024 2279 traheret
2048 2229 2257 2280 Lucina
2279 2228 2489 2281 dolores

1128 2298 1186 2342 et
1208 2291 1450 2343 facerent
1473 2294 1615 2343 uteri
1640 2292 1878 2358 pondera
1900 2292 2052 2343 lenta
2076 2309 2300 2355 moram,

1067 2359 1081 2382 ‘
1104 2356 1327 2407 Iunonis
1351 2356 1516 2407 facito
1540 2364 1730 2407 uotum
1756 2357 2083 2422 inpetrabile
2104 2358 2116 2379 ’
2139 2357 2256 2408 dixi
2281 2379 2293 2409 :

1126 2420 1224 2471 illa
1247 2422 1419 2486 parit:
1455 2420 1609 2471 libris
1632 2426 1718 2471 est
1739 2421 1871 2472 data
1895 2422 2077 2487 palma
2101 2423 2251 2473 meis.

1062 2484 1163 2536 hoc
1186 2502 1361 2560 neque
1385 2484 1707 2536 harenosum
1733 2486 1939 2552 Libyae
1966 2486 2113 2536 louis
2137 2486 2378 2552 explicat
2400 2492 2625 2539 antrum

1125 2554 1223 2600 aut
1245 2549 1350 2600 01111
1372 2550 1682 2601 commissos
1705 2550 1841 2601 fibra
1864 2550 2046 2601 locuta
2070 2551 2214 2613 (1000,

1059 2619 1157 2666 001
1180 2614 1351 2680 siquis
1374 2619 1550 2666 motas
1572 2615 1797 2666 cornicis
1822 2615 2051 2666 senserit
2073 2614 2208 2677 alas,
2535 2629 2623 2684 105

1122 2679 1386 2730 umbraue
1409 2696 1549 2754 quae
1573 2680 1798 2743 magicis
1820 2686 2036 2731 mortua
2057 2681 2238 2746 prodit
2260 2681 2433 2747 aquis.

1058 2744 1372 2809 aspicienda
1394 2760 1489 2795 uia
1509 2749 1595 2796 est
1617 2744 1756 2795 caeli
1777 2761 2046 2811 uerusque
2071 2762 2163 2811 per
2185 2751 2336 2797 astra

1125 2813 1327 2860 trames
1349 2815 1406 2860 et
1428 2810 1499 2860 ab
1521 2809 1669 2860 zonis
1730 2810 1933 2876 uinque
1959 2810 2203 2875 petunda
2226 2810 2373 2862 fides.

1059 2873 1367 2940 exemplum
1486 2891 1554 2925 ue
1571 2874 1677 2925 erit
1693 2826 1926 2926 Zalchas
1946 2894 1960 2934 ;
1985 2891 2220 2941 namque
2236 2874 2437 2928 Aulide
2453 2875 2624 2928 soluit

1122 2938 1216 2989 ille
1243 2938 1377 2989 bene
1440 2947 1687 2990 aerentes
1710 2939 1777 2989 ad
1802 2940 1894 3006 pia
1915 2956 2051 2990 saxa
2074 2949 2251 2991 rates:
2529 2957 2549 2992 1
2564 2956 2623 2992 10

1057 3002 1201 3054 idem
1227 3004 1694 3069 Agamemnoniae
1717 3004 1919 3055 ferrum
1943 3004 2151 3055 ceruice
2213 3003 2391 3056 uellae

1123 3068 1293 3119 tinxit
1316 3088 1330 3129 ;
1366 3074 1422 3119 et
1446 3068 1669 3119 Atrides
1693 3068 1818 3119 uela
1841 3073 2070 3119 cruenta
2091 3069 2123 3118 d
2199 3069 2243 3119 it
2266 3090 2277 3120 ε

1056 3148 1156 3183 000
1179 3132 1384 3208 rediere
1407 3137 1593 3213 tamen
1619 3133 1815 3208 Danai.
1888 3138 1951 3209 tu
1975 3131 2165 3209 diruta
2184 3133 2375 3209 fletum

1058 3212 1224 3326 13:31¹}
1245 3197 2418 3337 13ῗὲιὲτὲζέἕέοὲἓοῖῗὲ(ᾆῗιέἑῖὲῖὲὲᾨῗθ·
2528 3274 2616 3330 115

1120 3333 1178 3375 et
1207 3330 1368 3375 natat
1391 3341 1609 3375 exuuns
1632 3327 1861 3376 Graecia
1886 3342 2069 3391 pressa
2093 3327 2221 3377 suis.

1056 3388 1230 3439 uictor
1253 3389 1485 3450 Oiliade,
1513 3405 1643 3455 rape
1667 3406 1810 3440 nunc
1833 3396 1891 3441 et
1915 3388 2080 3455 dilige
2102 3396 2307 3453 uatem,

1122 3469 1287 3519 quam
1310 3458 1469 3505 uetat
1492 3453 1659 3505 auelli
1681 3459 1836 3505 ueste
1861 3454 2116 3506 Minerua
2136 3471 2250 3506 sua.

1055 3517 1322 3570 hactenus
1346 3518 1633 3570 historiae:
1670 3535 1816 3570 nunc
1838 3518 1908 3570 ad
1930 3523 2029 3570 tua
2050 3519 2289 3571 deuehar
2310 3526 2465 3573 astra
2483 3540 2498 3583 ς

1120 3583 1299 3659 incipe
1321 3583 1563 3635 miraclis
1586 3599 1795 3649 aequus
1817 3584 2009 3636 adesse
2031 3585 2202 3636 nouis.

1055 3647 1285 3699 Vmbria
1308 3652 1362 3700 te
1386 3649 1530 3699 notis
1555 3648 1787 3715 antiqua
1812 3649 2112 3701 Penatibus
2135 3649 2268 3710 edit,

1121 3713 1375 3772 (mentior
1393 3719 1413 3765 ἲ
1446 3730 1517 3764 an
1541 3714 1754 3779 patriae
1777 3714 2025 3778 tangitur
2047 3729 2141 3765 ora
2163 3719 2292 3765 tuae
2309 3718 2352 3777 ἲ)

1054 3793 1165 3844 qua
1187 3778 1447 3829 nebulosa
1468 3794 1604 3829 cauo
1626 3782 1775 3829 rorat
1799 3779 2061 3830 Meuania
2081 3795 2290 3845 campo,

1120 3846 1177 3894 ct
1199 3842 1350 3893 lacus
1373 3843 1600 3894 aestiuis
1624 3859 1732 3894 non
1757 3849 1907 3910 tepet
1931 3843 2134 3895 Vmber
2156 3844 2333 3909 aquis,

1052 3907 1472 3974 scandentisque
1496 3908 1624 3959 Asis
1646 3908 1924 3974 consurgit
1947 3909 2150 3960 uertice
2172 3924 2379 3970 murus,
2528 3924 2586 3960 12
2591 3921 2618 3975 5

1120 3988 1305 4023 murus
1329 3973 1399 4023 ab
1420 3973 1640 4039 ingenio
1664 3973 1842 4024 notior
1862 3972 1956 4024 ille
1981 3977 2092 4025 tuo.

1053 4053 1282 4103 ossaque
1306 4036 1488 4103 legisti
1511 4054 1619 4088 non
1643 4037 1743 4089 illa
1764 4043 1950 4090 aetate
1973 4037 2206 4104 legenda

1118 4101 1291 4168 patris
1314 4107 1371 4152 01
1393 4102 1450 4152 10
1474 4107 1669 4154 tenues
1691 4103 1897 4168 cogeris
1921 4103 2034 4168 ipse
2059 4103 2225 4154 Lares
2248 4122 2261 4154 :

1053 4182 1181 4217 nam
1204 4170 1305 4217 tua
1327 4182 1450 4216 cum
1473 4166 1635 4217 multi
1659 4172 1942 4218 uersarent
1964 4183 2092 4218 rura
2113 4166 2352 4229 iuuenci,

1118 4230 1351 4281 abstulit
1374 4231 1622 4281 excultas
1643 4231 1853 4344 pertica
1874 4232 2050 4281 tristis
2072 4247 2217 4297 opes.

1681 4295 1868 4345 imissa
1890 4300 1973 4346 est
1995 4311 2164 4346 aurea
2185 4294 2341 4357 collo,

2535 2310 2629 2347 100

2527 3601 2622 3638 120

1051 4310 1181 4344 mox
1204 4294 1299 4369 ubi
1323 4294 1473 4344 bulla
1497 4294 1620 4344 rudi
1742 4358 1754 4369 θ
2526 4246 2618 4296 130

1118 4363 1308 4408 matns
1332 4364 1389 4409 et
1410 4364 1541 4410 ante
1564 4359 1696 4409 deos
1718 4358 1890 4409 hbera
1912 4364 2131 4434 sumpta
2154 4365 2300 4424 toga,

1052 4426 1170 4473 tum
1194 4423 1298 4473 tibi
1322 4439 1496 4488 pauca
1517 4439 1617 4473 suo
1640 4423 1707 4473 (10
1731 4423 1967 4474 carmine
1989 4424 2164 4475 (110101
2186 4421 2387 4489 Apollo

1116 4493 1172 4538 et
1196 4492 1354 4538 uetat
1375 4488 1569 4538 insano
1591 4488 1760 4539 uerba
1782 4492 1971 4539 tonare
1994 4488 2140 4539 foro:

2730 680 2985 733 militiam
3009 680 3238 734 Veneris
3259 681 3476 733 blandis
3570 681 3704 734 tiere
3724 681 3829 733 sub
3851 681 4020 734 armis

2795 750 2853 798 et
2876 747 3103 798 Veneris
3126 747 3304 812 pueris
3328 746 3481 798 utilis
3542 747 3675 797 ostis
3698 747 3817 798 eris.

2566 819 2628 874 75
2730 826 2858 862 nam
2883 811 2985 863 tibi
3007 812 3258 863 uictrices
3280 827 3649 877 quascumque
3670 811 3855 863 labore
3876 810 4103 878 parasti,

2796 875 2981 927 eludet
3004 876 3212 951 palmas
3235 892 3348 927 una
3368 875 3553 943 puella
3574 882 3700 927 tuas
3722 895 3734 926 :
4198 890 4292 939 140

2728 940 2881 991 illius
2902 940 3130 992 arbitrio
3152 946 3366 992 noctem
3386 941 3673 1006 lucemque
3695 940 3940 992 uidebis:
4201 954 4289 1005 143

2871 1009 2958 1056 tta
2979 1022 3194 1071 quoque
3217 1022 3284 1057 ex
3307 1005 3478 1056 oculis
3501 1022 3608 1056 non
3633 1005 3738 1055 nisi
3761 1006 3914 1056 iussa
3933 1004 4110 1058 cadet.
4200 1021 4291 1068 144

2730 1074 2788 1122 et
2879 1085 2947 1121 ne
2970 1086 3093 1121 cum
3118 1070 3288 1120 fixum
3313 1077 3496 1121 mento
3519 1070 3816 1121 decusseris
3840 1086 4061 1133 uncum,
4200 1085 4285 1133 141

2796 1134 2873 1185 nil
2897 1135 3002 1185 erit
3026 1134 3141 1196 1100,
3169 1139 3342 1186 100110
3363 1139 3420 1185 10
3442 1138 3651 1200 premet
3673 1151 3808 1185 ansa
3830 1151 3943 1186 suo,
4199 1149 4290 1197 142

2731 1214 2830 1250 nec
2853 1199 3003 1250 mille
3023 1199 3285 1250 excubiae
3308 1215 3407 1250 nec
3429 1207 3487 1250 te
3509 1199 3729 1265 signata
3748 1199 4024 1250 iuuabunt
4199 1210 4288 1265 145

2796 1262 2989 1315 limina
3011 1284 3024 1314 ε
3060 1279 3347 1330 persuasae
3369 1263 3558 1315 fallere
3580 1264 3720 1315 rima
3741 1268 3831 1315 sat
3852 1264 3975 1315 est.’

2730 1344 2875 1379 nunc
2903 1334 3000 1379 tua
3022 1327 3111 1379 uel
3134 1327 3327 1379 mediis
3350 1328 3546 1404 puppis
3569 1328 3809 1379 luctetur
3831 1329 3887 1379 in
3912 1328 4093 1392 undis,

2795 1392 2885 1443 uel
2910 1393 3038 1444 licet
3061 1393 3288 1444 armatis
3312 1393 3485 1445 hostis
3507 1392 3730 1444 inermis
3753 1409 3864 1452 eas.

2730 1457 2822 1508 uel
2844 1457 3171 1509 tremefacta
3192 1473 3384 1508 cauom
3405 1457 3571 1509 tellus
3594 1457 3821 1508 diducat
3842 1457 4075 1520 hiatum,

2796 1522 3058 1589 octipedis
3081 1523 3276 1574 Cancri
3299 1528 3457 1589 terga
3477 1522 3701 1574 sinistra
3723 1522 3893 1574 time.'
4199 1533 4292 1587 150

3447 1708 3638 1836 Ψ)

2730 1838 2839 1903 Qui
2855 1839 3051 1892 mirare
3073 1855 3224 1891 meas
3246 1843 3329 1891 tot
3352 1839 3410 1890 in
3434 1856 3545 1891 uno
3567 1856 3784 1907 corpore
3807 1840 4027 1904 formas,

2793 1904 2975 1970 accipe
2999 1905 3291 1956 Vertumni
3314 1921 3481 1971 regna
3503 1911 3734 1972 paterna
3756 1905 3858 1957 dei.

2729 1969 2939 2020 Tuscus
2963 1985 3064 2036 ego
3085 1976 3136 2020 et
3158 1970 3352 2021 Tuscis
3376 1970 3533 2032 orior,
3562 1988 3660 2022 nec
3683 1971 3928 2037 paenitet
3951 1969 4097 2022 10101

2795 2033 3000 2100 proelia
3022 2033 3300 2085 Volsinios
3322 2034 3622 2086 deseruisse
3643 2035 3808 2097 focos,

2728 2104 2969 2165 tempore
2990 2115 3099 2182 quo
3120 2099 3280 2149 sociis
3303 2100 3458 2150 uenit
3482 2100 3525 2149 L
3566 2098 3839 2151 comedius
3863 2099 4027 2151 armis
4224 2112 4281 2165 51

2794 2170 2961 2229 atque
2986 2164 3192 2214 babina
3213 2163 3314 2215 feri
3338 2169 3501 2214 contu
3540 2164 3588 2215 it
3608 2180 3763 2215 arma
3786 2164 3928 2216 Tati.

2726 2228 2843 2279 uidi
2866 2244 2966 2293 ego
2990 2228 3235 2279 labentes
3257 2228 3399 2279 acies
3422 2232 3479 2279 et
3501 2228 3615 2279 tela
3637 2228 3860 2289 caduca,

2792 2299 2959 2358 atque
2982 2292 3165 2344 hostes
3189 2292 3337 2358 turpi
3359 2298 3514 2368 terga
3535 2292 3748 2344 dedisse
3770 2292 3830 2343 fu
3904 2308 3948 2344 e.
4223 2306 4288 2359 54

2728 2361 2782 2408 et
2806 2362 2887 2418 tu,
2915 2358 3107 2418 Roma,
3134 2357 3269 2408 meis
3291 2357 3536 2408 tribuisti
3595 2357 3799 2408 raemia
3871 2357 4030 2420 00010,
4218 2373 4284 2421 49

2791 2421 2937 2472 unde
2959 2421 3119 2472 hodie
3153 2422 3307 2473 uicus
3331 2422 3552 2473 nomina
3625 2438 3787 2473 uscus
3808 2421 3989 2473 habet.
4223 2437 4287 2487 50

2728 2486 2820 2537 sed
2846 2485 3032 2547 facias,
3059 2485 3249 2537 diuum
3273 2491 3439 2547 sator,
3467 2492 3531 2538 ut
3554 2487 3804 2538 Romana
3825 2503 3920 2552 per
3941 2502 4140 2538 aeuum
4223 2500 4284 2551 55

2792 2555 3037 2602 11000001
3058 2554 3187 2602 ante
3210 2567 3357 2601 meos
3381 2551 3542 2601 turba
3564 2556 3756 2617 togata
3779 2550 3959 2617 pedes.
4226 2554 4288 2617 56

2727 2614 2861 2666 haec
2883 2631 2971 2667 me
2994 2616 3155 2666 turba
3178 2616 3352 2677 iuuat,
3382 2631 3480 2666 nec
3502 2615 3708 2681 templo
3732 2615 3905 2666 laetor
3926 2615 4163 2667 eburno:
4256 2629 4283 2682 5

2793 2681 3100 2731 Romanum
3123 2681 3260 2731 satis
3282 2684 3367 2731 est
3389 2696 3543 2746 posse
3564 2680 3751 2731 uidere
3774 2680 3968 2731 forum.

2725 2744 2828 2796 hac
2851 2744 3125 2811 quondam
3148 2743 3435 2796 Tiberinus
3457 2745 3565 2796 iter
3585 2744 3839 2806 faciebat,
3865 2750 3922 2796 et
3944 2744 4105 2797 aiunt

2790 2826 3058 2860 remorum
3079 2809 3299 2860 auditos
3317 2826 3417 2883 per
3440 2809 3584 2860 uada
3607 2809 3766 2874 pulsa
3789 2826 3948 2860 sonos
3967 2829 3982 2859 z

2725 2879 2785 2925 at
2903 2878 3094 2939 tquam
3116 2873 3210 2924 ille
3233 2873 3346 2925 suis
3369 2878 3590 2925 tantum
3613 2874 3877 2925 concessit
3900 2874 4154 2936 alumnis,

2791 2890 3126 2989 &tamnus
3149 2954 3305 2989 uerso
3328 2938 3476 2989 dicor
3498 2939 3569 2989 ab
3591 2955 3752 2990 amne
3774 2939 3924 2989 deus.
4229 2954 4288 2993 10

2723 3002 3287 3119 88ῗίθῖἇὲἓῖἘὲῗὲ
3306 3002 3968 3119 ξὶἓὲἓξῗὲῑὲῖςῗέἕὲᾜὲε
3990 3004 4138 3066 “““ἱ’

2723 3132 2898 3199 prima
2919 3132 3055 3182 mihi
3078 3132 3261 3183 uariat
3284 3131 3583 3183 liuentibus
3606 3148 3720 3182 uua
3740 3133 3987 3195 racemis,

2786 3201 2846 3248 et
2866 3212 3022 3247 coma
3044 3196 3268 3247 lactenti
3292 3196 3473 3262 spicea
3493 3196 3649 3261 fruge
3673 3202 3866 3249 tumet.

2720 3261 2808 3313 hic
2832 3259 3016 3313 dulces
3037 3277 3267 3323 cerasos,
3294 3261 3381 3313 hic
3403 3261 3750 3313 autumnalia
3770 3277 3947 3328 pruna
4228 3274 4286 3328 15

2787 3327 2961 3377 cernis
2984 3331 3043 3378 et
3064 3327 3278 3379 aestiuo
3298 3343 3449 3378 mora
3472 3326 3663 3377 rubere
3686 3326 3788 3378 die.

2720 3390 2915 3441 insitor
2938 3391 3025 3442 hic
3048 3391 3215 3441 soluit
3239 3407 3463 3457 pomosa
3483 3396 3617 3442 uota
3637 3407 3850 3452 corona,

2785 3471 2908 3506 curn
2932 3456 3082 3522 pirus
3105 3455 3284 3506 inuito
3306 3456 3492 3521 stipite
3517 3455 3664 3506 mala
3686 3455 3836 3507 tulit.

2719 3535 2849 3572 nam
2876 3520 3008 3635 quieti
3038 3535 3139 3586 ego
3165 3519 3419 3581 adiciam,
3450 3519 3518 3571 de
3557 3535 3667 3586 quo
3696 3519 3832 3571 mihi
3861 3520 4106 3572 maxima
4134 3520 4286 3572 fama

2916 3601 2974 3636 es
4256 3601 4275 3636 1

2783 3623 3065 3701 hortoru’m
3087 3648 3146 3699 in
3169 3648 3422 3699 manibus
3444 3648 3587 3700 dona
3609 3649 3837 3715 probata
3857 3648 4032 3701 meis?
4215 3602 4247 3648 4

2720 3715 2999 3765 caeruleus
3021 3713 3263 3765 cucumis
3287 3712 3606 3780 tumidoque
3628 3713 3909 3765 cucurbita
3932 3718 4125 3767 uentre

2787 3795 2873 3829 1110
2897 3783 3055 3830 notat
3078 3782 3136 3829 et
3157 3778 3319 3828 iunco
3341 3778 3580 3829 brassica
3602 3779 3791 3829 uincta
3815 3777 3924 3830 leui
3947 3798 3961 3838 3

2722 3859 2820 3894 nec
2843 3841 2941 3893 flos
2963 3843 3111 3893 ullus
3132 3842 3464 3958 1110119110110,
3491 3843 3623 3909 quin
3646 3843 3740 3894 ille
3764 3842 4017 3894 decenter
4218 3854 4282 3907 45

2785 3908 2842 3959 in
2943 3908 3055 3958 itus
3076 3907 3244 3957 fronti
3322 3912 3527 3973 ngueat
3548 3911 3679 3958 ante
3703 3923 3871 3958 meae.
4217 3910 4284 3971 46

2720 3989 2843 4024 men
2884 3989 2956 4024 ax
2978 3972 3144 4033 fama,
3172 3988 3332 4023 uoces
3354 3993 3366 4023 ε
3404 3972 3546 4023 alius
3569 3972 3708 4023 mihi
3731 3971 3967 4023 nominis
3987 3971 4155 4024 index
4177 3993 4189 4023 z
4222 3985 4282 4034 19

2786 4038 2854 4089 de
2876 4055 2933 4089 se
2957 4036 3202 4089 narranti
3225 4042 3289 4087 tu
3311 4036 3471 4087 modo
3492 4037 3650 4088 crede
3672 4036 3788 4088 dec.
4218 4051 4284 4088 20

2719 4108 3025 4178 opportuna
3047 4118 3169 4153 mea
3191 4105 3276 4152 est
3298 4101 3508 4152 cunctis
3531 4105 3731 4152 natura
3751 4100 3940 4167 figuris
3960 4119 3973 4154 2

2784 4183 2841 4217 10
2865 4182 3264 4232 quamcumque
3289 4165 3438 4216 uoles
3464 4171 3632 4227 uerte,
3660 4166 3886 4217 decorus
3909 4181 4015 4218 ero.

2718 4231 2885 4282 indue
2909 4247 2995 4282 me
3019 4231 3163 4307 Qois,
3191 4231 3318 4280 fiam
3342 4246 3449 4280 non
3474 4229 3613 4306 dura
3633 4230 3817 4296 puella
3838 4250 3850 4282 ε

2718 4310 3263 4410 da¹¹f¹ssi¹0¹221¹¹ssi¹¹t¹3¹rt⁸3¹
3270 4299 4191 4433 issfiffoe‘ffiffigffiffiissgfflnoe
4217 4373 4247 4410 2
4251 4370 4278 4424 s

2781 4423 2987 4474 iurabis
3009 4427 3197 4473 nostra
3218 4438 3468 4487 gramma
3489 4428 3640 4474 secta
3662 4439 3844 4474 manu.

2716 4503 2870 4538 arma
2892 4486 2998 4563 tuli
3021 4486 3295 4562 quondam
3319 4491 3394 4547 et,
3421 4487 3662 4549 memini,
3691 4487 3957 4539 laudabar
3977 4486 4036 4538 in
4057 4486 4203 4540 illis:

1055 4556 1069 4579 ‘
1089 4556 1151 4604 at
1174 4558 1237 4603 tu
1255 4552 1399 4618 finge
1421 4551 1618 4618 elegos,
1640 4552 1822 4619 pellax
1839 4569 1990 4619 opuS,
2012 4552 2146 4605 haec
2164 4556 2265 4604 tua
2278 4556 2475 4616 castra,
2522 4566 2612 4619 135
2662 4581 2666 4680 ⁴
2714 4551 2956 4669 socorbis
2978 4568 3035 4602 m
3059 4551 3296 4617 lnposito
3320 4551 3552 4617 pondere
3574 4569 3777 4603 messor
3799 4568 3966 4603 eram.

1114 4618 1317 4669 scribat
1339 4623 1404 4668 ut
1426 4617 1676 4684 exemplo
1697 4624 1880 4669 cetera
1902 4618 2065 4670 turba
2085 4623 2199 4670 tuo.

2777 4617 2927 4668 brius
2951 4615 3023 4668 ad
3045 4615 3202 4667 lites:
3238 4620 3298 4667 at
3320 4632 3444 4667 cum
3467 4622 3551 4669 est
3573 4617 3791 4683 inposta
3812 4631 4026 4679 corona,

1166 4760 1190 4804 1
1219 4762 1279 4805 73
1308 4766 1515 4807 cantans
1543 4761 1742 4817 Baehr.,
1766 4765 1937 4807 cantas
1966 4770 2025 4807 Ω.
2089 4761 2328 4808 aduersus
2349 4771 2385 4807 A
2405 4761 2460 4808 F.
2525 4762 2584 4806 '1⁶
2614 4761 2753 4807 haud
2774 4777 2821 4805 τ.
2885 4759 2944 4803 81
2974 4772 3105 4804 nunc
3126 4757 3174 4802 N
3192 4755 3382 4813 LVU),
3407 4759 3463 4804 in
3483 4758 3530 4802 D
3547 4758 3600 4803 F.
3646 4758 3751 4803 deis
3771 4757 4097 4814 Luetjohann.
4133 4756 4275 4815 falli·

1047 4834 1156 4866 ntus
1176 4820 1402 4876 Housm.,
1419 4819 1628 4876 fallitur
1647 4829 1705 4866 Ω.
1770 4821 1830 4863 83
1859 4834 2058 4877 rapaces
2079 4820 2255 4866 maluit
2277 4820 2539 4866 Liuineius.
2606 4821 2666 4864 88
2695 4823 2921 4865 moueant
2943 4827 2975 4862 Φ
2993 4817 3055 4863 N.
3119 4817 3178 4860 88
3209 4817 3331 4862 letus
3352 4815 3405 4862 F.
3470 4817 3544 4872 88,
3567 4817 3626 4860 88
3657 4819 3769 4875 post
3796 4817 3885 4860 108
3904 4816 4044 4874 ponit
4065 4817 4271 4863 Housm.

1728 4881 1841 4936 post
1870 4878 1922 4924 11
1952 4879 2025 4927 27.
2066 4880 2095 4923 4
2136 4879 2368 4937 posueris.
2453 4879 2513 4922 88

1082 4883 1314 4925 10000010
1354 4878 1479 4926 Scal.
1523 4878 1689 4936 aptius

1078 4939 1107 4980 3
1135 4939 1226 4982 aui
1256 4951 1359 4993 nos,

1049 5013 1095 5042 τ.
1161 4997 1250 5039 104
1279 5001 1331 5041 at
1363 4996 1421 5043 Ο.
1486 4996 1575 5039 108
1605 4995 1836 5041 umbraue
1864 5005 1989 5053 quae
2019 4995 2081 5050 N,
2107 4996 2368 5052 umbraque

1046 5059 1102 5100 tu
1136 5054 1355 5100 lacrimis
1387 5064 1445 5100 Ω.
1510 5055 1599 5098 123
1629 5068 1777 5112 quam
1809 5063 1867 5099 Ω.
1933 5054 2023 5097 124
2052 5056 2210 5110 intepe

1045 5126 1103 5158 ac
1125 5122 1179 5167 A,
1204 5118 1247 5158 et
1268 5113 1321 5158 F.
1362 5114 1527 5169 pellax
1550 5113 1739 5169 Heius„
1756 5112 1924 5170 fallax
1942 5122 2001 5158 Ω.
2046 5113 2092 5157 A

1046 5172 1133 5215 141
1154 5185 1264 5217 cum
1275 5171 1320 5228 f.
1340 5188 1397 5227 μ,
1423 5171 1546 5228 conf.
1572 5182 1630 5217 Ω.
1674 5173 1845 5218 merito
1867 5172 1924 5217 Ο.
1973 5171 2070 5217 dec.

1044 5245 1169 5276 ausa
1190 5240 1248 5286 Ω,
1273 5244 1393 5276 0011.
1422 5229 1723 5277 Oalderinus.
1788 5231 1891 5286 143,
1916 5231 2006 5273 144
2024 5233 2137 5288 post
2157 5231 2246 5273 140
2266 5233 2451 5289 trausp.
2480 5230 2684 5276 Housm.
2760 5230 2849 5273 144

1044 5289 1159 5344 (0111.
1187 5289 1259 5343 F),
1285 5303 1404 5334 corr.
1426 5288 1709 5335 Beroaldus.
1784 5289 1872 5332 149
1892 5303 2071 5334 cauum
2092 5288 2127 5343 f,
2152 5303 2324 5335 cauom
2344 5288 2542 5344 Baehr„
2568 5302 2689 5335 cauo
2709 5298 2766 5334 Ω.
2817 5288 2876 5333 de
2911 5321 2923 5331 .
2951 5287 3009 5333 O.

1042 5349 1192 5393 81-54
1225 5347 1492 5404 (Ηοο0111.),
1531 5349 1679 5392 49-80
1710 5345 1835 5405 (1(1.),
1869 5348 2017 5391 88-88
2048 5346 2173 5403 (1(1.),
2211 5348 2345 5403 8-18,
2381 5348 2530 5391 41-48
2558 5346 2852 5405 (Schrader),
2888 5346 3051 5401 19-40,
3084 5344 3248 5400 47-48,
3284 5342 3461 5388 874111·
3520 5345 3550 5387 2
3580 5358 3732 5401 regma

1395 4938 1582 4995 oquin.
1649 4938 1708 4980 ss
1739 4942 1781 4982 et
1803 4946 1857 4982 A.
1922 4938 1981 4981 ss
2010 4939 2067 4983 in
2098 4952 2197 4982 um
2218 4937 2314 4982 οῖ)
2337 4935 2467 4994 vu).
2533 4938 2621 4981 101
2644 4937 2802 4994 facito
2832 4950 2882 4981 u.
2918 4935 3084 4989 Lach„
3119 4948 3171 4979 u.
3196 4908 3355 4989 facito

2387 5009 2448 5041 nc
2469 4995 2528 5051 Ο,
2554 5011 2673 5042 0011.
2699 4994 2967 5041 Turnebus.
3031 4993 3121 5036 108
3144 4992 3354 5049 petenda
3374 4991 3476 5037 LN
3493 4993 3538 5033 V
3555 4992 3595 5050 (ἲ
3616 5026 3627 5038 .

2210 5059 2230 5099 t
2263 5063 2321 5110 Ω,
2360 5068 2481 5100 0011.
2521 5054 2726 5101 Housm.
2790 5054 2880 5097 125
2909 5053 3019 5097 axis
3053 5061 3107 5108 A,
3144 5053 3285 5097 Asisi
3314 5051 3459 5097 Lach.
3524 5052 3613 5094 129
3642 5065 3752 5097 cum
3785 5051 3902 5108 οΝ,
3939 5065 4037 5096 non
4067 5060 4120 5097 A.
4186 5051 4276 5094 185

2550 4880 2736 4936 pericla
2769 4895 2817 4933 ς,
2852 4874 3147 4934 sepulc-(hm
3178 4884 3221 4920 Ω
3274 4889 3425 4931 reyna
3455 4875 3658 4931 superba
3689 4875 3891 4921 Housm.
3974 4875 4033 4918 89
4062 4878 4200 4921 aecta
4221 4885 4274 4922 A.

3385 4933 3572 4989 Burm.,
3631 4935 3754 4980 acite
3783 4948 3833 4980 u.
3870 4943 3929 4979 Ω.
3994 4934 4083 4977 103
4103 4934 4277 4990 Libyci

3693 4993 3782 5036 120
3800 4992 4022 5038 miv-aclis
4043 4993 4270 5049 Housm.,

2157 5112 2290 5158 llinis
2319 5112 2481 5158 uerbis
2511 5113 2658 5158 finem
2688 5114 2776 5156 146
2806 5109 3066 5157 constituit
3093 5110 3389 5166 Heimreich,
3415 5109 3502 5155 138
3525 5110 3851 5166 Luetjohann.
3916 5110 4006 5153 140
4034 5110 4190 5155 cludit
4210 5109 4270 5156 Ο.

2142 5170 2334 5226 roukh.,
2360 5171 2644 5217 discusserit
2667 5170 2750 5229 (·is
2771 5169 2823 5226 τ)
2844 5180 2902 5216 Ω.
2967 5170 3056 5212 142
3077 5171 3169 5215 erit
3185 5168 3247 5224 N,
3263 5170 3444 5226 premit
3465 5168 3523 5215 Ο.
3564 5173 3755 5225 premat
3776 5167 3857 5225 (-it
3877 5168 3935 5223 F)
3948 5177 4007 5214 Ω.
4051 5172 4276 5214 nostro—

2948 5229 3228 5274 idemmto.
3292 5228 3380 5271 146
3411 5228 3954 5281 luminan‚corr.vm
3989 5260 4001 5272 .
4039 5228 4273 5284 primasi

3133 5285 3182 5329 11
3213 5286 3358 5331 huius
3380 5284 3439 5331 el.
3466 5299 3635 5332 uersus
3655 5286 3729 5332 ita
3749 5240 4008 5331 ordinandi
4026 5288 4145 5331 sunt
4165 5286 4269 5341 1—4,

3766 5345 3992 5401 Housm.,
4033 5346 4175 5400 sayna
4209 5353 4270 5390 Ω.

1036 5407 1247 5465 petenda
1268 5407 1325 5454 Ο.
1392 5408 1421 5450 8
1451 5412 1494 5453 et
1513 5420 1608 5452 om.
1634 5416 1692 5452 Ω.
1746 5407 1778 5449 4
1807 5405 2043 5462 uolsani(i
2063 5420 2155 5452 om.
2185 5406 2296 5461 F)os
2318 5416 2377 5461 Ω,
2402 5420 2429 5451 0
2450 5407 2713 5453 uolscinios
2733 5408 2792 5450 ut
2812 5404 3010 5450 uidetur
3030 5403 3264 5461 genitum.
3319 5404 3349 5446 8
3378 5416 3462 5449 nec
3484 5412 3538 5449 A.
3582 5416 3688 5448 mea
3709 5412 3742 5447 Φ
3760 5402 3823 5449 N.
3888 5405 3918 5448 '1
3947 5408 4004 5449 et.
4050 5407 4105 5448 ut
4126 5403 4178 5448 L.
4245 5403 4275 5446 9

1042 5480 1267 5522 campum
1287 5465 1457 5511 Heius.
1522 5466 1583 5509 10
1610 5466 1900 5511 Ver-tamnus
1919 5464 2036 5511 Pale
2072 5499 2084 5521 ,
2109 5464 2239 5511 idem
2261 5465 2313 5509 in
2335 5465 2394 5507 12
2419 5465 2669 5521 Ver-tanai,
2695 5464 2810 5511 fort.
2836 5466 2983 5509 10010.
3048 5463 3106 5505 11
3122 5475 3244 5518 prae

3243 5475 3293 5506 ce
3339 5463 3456 5507 'mus
3478 5471 3515 5508 A
3532 5461 3596 5516 N,
3617 5463 3921 5518 percepimus
3941 5471 3990 5518 Φ,
4014 5476 4134 5507 0011.
4155 5461 4268 5508 Fea.

1043 5525 1101 5568 12
1120 5526 1329 5571 credidit
1351 5535 1410 5580 Ω,
1435 5539 1555 5570 corr.
1581 5538 1683 5571 nos.
1748 5525 1806 5568 19
1826 5537 1963 5570 uoces
1984 5533 2017 5569 0
2075 5543 2119 5559 =
2138 5537 2280 5569 uaces
2303 5521 2377 5578 A),
2401 5537 2540 5570 noces
2558 5524 2620 5570 N.
2686 5525 2746 5567 22
2765 5535 3066 5580 quacumque
3086 5521 3144 5567 O.
3200 5521 3258 5564 25
3300 5525 3411 5568 acta
3433 5519 3491 5567 Ο.
3556 5521 3616 5564 28
3636 5522 3694 5566 in
3708 5519 3771 5578 N,
3797 5534 3892 5566 om.
3918 5530 3966 5577 0,
3992 5520 4052 5567 ab
4073 5530 4127 5577 A,
4153 5520 4268 5567 fort.

1042 5585 1252 5641 inposito
1272 5583 1437 5630 coibis.
1504 5584 1562 5627 29
1581 5597 1639 5630 ac
1661 5583 1720 5631 O.
1783 5584 1845 5627 44
1863 5587 1999 5630 necat
2021 5582 2080 5630 Ο.

2144 5583 2205 5626 49
2224 5587 2277 5628 at
2297 5586 2354 5629 tu
2376 5582 2435 5629 O.
2500 5584 2561 5627 ⁸2
2580 5583 2784 5629 contulit
2806 5591 2860 5628 A.
