4890 6561
1100 508 1168 562 40
2177 507 2345 562 SEX.
2401 506 2786 562 PROPERTI
2826 507 2973 561 LIB.
3024 507 3120 561 IV
3156 508 3255 573 [V]

1101 674 1227 726 hinc
1249 674 1503 741 Tarpeiis
1525 674 1660 726 deae
1681 673 2112 726 fontem‘libauit
2135 695 2147 726 ε
2184 678 2243 725 at
2266 673 2350 727 illi
2606 689 2626 726 ι
2637 686 2664 741 5
2715 681 2720 741 Ι
2833 690 2955 726 cum
2979 689 3195 741 pagana
3217 673 3441 726 madent
3462 674 3667 727 fercula
3688 674 3914 737 deliciis,

1167 740 1398 806 urgebat
1421 740 1663 791 medium
1688 738 1868 791 fictilis
1893 756 2031 791 urna
2052 745 2234 806 caput.
2768 755 3000 806 cumque
3016 756 3179 805 super
3200 756 3346 791 raros
3369 739 3515 791 faeni
3537 739 3871 792 flammantis
3893 757 4117 793 aceruos

1100 804 1245 856 uidit
1265 804 1539 856 harenosis
1564 804 1786 856 Tatium
1811 804 2091 870 proludere
2114 805 2319 870 campis
2717 800 2718 813 ¹
2833 805 3018 856 traicit
3041 804 3330 856 inmundos
3353 805 3504 855 ebria
3528 805 3693 856 turba
3715 805 3892 871 pedes.

1166 869 1422 946 pictaque
1446 886 1539 936 per
1561 869 1735 921 flauas
1758 886 1912 920 arma
1932 870 2118 921 leuare
2141 870 2300 921 iubas
2323 891 2335 922 ε
2602 884 2667 921 20
2769 869 3035 920 Romulus
3057 870 3317 921 excubias
3340 869 3582 920 decreuit
3605 870 3662 920 in
3686 870 3801 921 otia
3822 870 3963 921 solui

1100 934 1384 1001 obstupuit
1407 951 1464 986 re
1505 934 1547 985 's
1571 934 1710 986 facie
1732 941 1791 986 et
1814 934 2085 1000 regalibus
2107 935 2292 995 armis,
2714 916 2718 1007 Ι
2833 940 3002 1049 atque
3024 935 3335 986 intermissa
3356 941 3537 986 castra
3558 935 3717 986 silere
3739 935 3889 986 tuba.
4256 938 4324 988 80

1165 999 1310 1051 inter
1347 1016 1416 1051 ue
1440 1016 1471 1050 o
1511 1000 1640 1051 litas
1662 999 1867 1051 excidit
1892 1016 2030 1050 urna
2053 1015 2263 1051 manus.
2715 1020 2716 1033 ¹
2767 997 2868 1050 hoc
2939 1016 3001 1050 ar
3070 1000 3125 1050 ia
3145 1016 3306 1050 suuni
3329 1006 3546 1065 tempus
3570 1007 3694 1051 rata
3714 999 3971 1051 conuenit
3993 999 4232 1053 hostem:

1099 1080 1260 1130 saepe
1283 1064 1321 1115 il
1346 1081 1381 1116 a
1404 1064 1687 1116 inmeritae
1710 1072 1938 1116 causata
1961 1071 2044 1115 est
2067 1065 2251 1115 omina
2273 1065 2455 1125 lunae,
2832 1070 2993 1129 pacta
3038 1063 3168 1130 igat,
3196 1065 3371 1130 pactis
3394 1064 3411 1115 i
3478 1081 3513 1115 a
3534 1063 3725 1116 futura
3745 1081 3936 1117 comes.

1164 1135 1223 1181 et
1244 1130 1349 1180 sibi
1374 1129 1454 1180 tin
1531 1129 1701 1181 endas
1723 1129 1866 1180 dixit
1889 1129 1944 1180 in
1969 1146 2128 1181 amne
2151 1145 2332 1180 comas
2356 1151 2368 1180 ε
2769 1143 2922 1180 mons
2944 1135 3062 1181 erat
3084 1146 3311 1180 ascensu
3333 1129 3408 1180 du
3449 1129 3533 1180 ius
3599 1167 3958 1182 .....

1100 1209 1193 1245 sae
1284 1194 1415 1245 tulit
1440 1194 1473 1243 b
1495 1194 1654 1245 andis
1676 1211 1738 1245 ar
1775 1200 1937 1245 entea
1958 1193 2078 1246 lilia
2102 1194 2390 1261 Nymphis,

1217 1259 1401 1311 omula
1425 1275 1492 1310 ne
1516 1259 1710 1311 faciem
1735 1213 1976 1311 fgoederet
1999 1259 2160 1310 hasta
2182 1259 2309 1310 Tati
2332 1280 2343 1311 :

1099 1323 1338 1390 dumque
1362 1325 1512 1376 subit
1534 1326 1706 1390 primo
1730 1325 1809 1376 Ca
1847 1324 2003 1376 itolia
2027 1324 2216 1375 nubila
2239 1324 2407 1386 fumo,
2712 1336 2715 1423 δ

1164 1389 1380 1440 rettulit
1403 1389 1625 1441 hirsutis
1650 1390 1803 1440 bracc
1844 1390 1898 1440 ia
1920 1395 2070 1440 secta
2093 1389 2241 1440 rubis
2265 1410 2278 1450 ;
2713 1430 2716 1459 ,

2600 1206 2660 1260 ²⁵
2713 1172 2717 1321 ,Ι
2768 1297 2779 1310 .
2832 1226 2846 1245 ⁸
2916 1294 2930 1309 .
3069 1296 3082 1310 .
3221 1296 3234 1310 .
3339 1296 3353 1309 .
3476 1298 3488 1311 .
3588 1232 3618 1311 ο.
3690 1232 3937 1325 festoque
3961 1233 4229 1312 remissis:

2830 1339 2929 1374 nec
2953 1339 3119 1385 mora,
3146 1323 3364 1375 uocales
3385 1330 3614 1390 occupat
3637 1340 3764 1375 ense
3787 1340 3964 1376 canes.

2766 1386 2950 1439 omnia
2972 1388 3305 1453 praebebant
3327 1405 3542 1439 somnos
3566 1409 3577 1439 ι
3614 1388 3709 1440 sed
3735 1389 3980 1455 Iuppiter
4002 1406 4145 1441 unus
4254 1391 4318 1456 85

1100 1460 1157 1505 et
1180 1470 1281 1505 sua
1304 1454 1556 1521 Tarpeiia
1581 1454 1821 1506 residens
1844 1455 1927 1506 ita
1948 1454 2101 1505 fleuit
2123 1455 2195 1505 ab
2218 1471 2340 1506 arce

1166 1518 1411 1579 uulnera,
1438 1519 1619 1570 uicino
1643 1536 1750 1570 non
1775 1520 2035 1586 patienda
2062 1520 2179 1570 Ioui
2201 1540 2212 1570 ι

1102 1582 1288 1649 ‘ignes
1312 1591 1611 1635 castrorum
1635 1592 1693 1635 et
1716 1585 1911 1635 Tatiae
1972 1585 2206 1635 raetoria
2228 1589 2444 1635 turmae

1164 1655 1220 1699 et
1243 1648 1481 1700 formosa
1502 1649 1674 1700 oculis
1697 1665 1849 1700 arma
1871 1650 1945 1700 Sa
1984 1649 2077 1700 ina
2102 1649 2251 1709 meis,

1099 1729 1133 1763 o
1156 1713 1368 1764 utinam
1393 1713 1463 1764 ad
1488 1721 1699 1765 uestros
1721 1714 1937 1765 sedeam
1962 1714 2183 1779 captiua
2208 1715 2460 1776 Penates,

1164 1777 1294 1828 dum
1319 1778 1539 1845 captiua
1564 1779 1671 1829 mei
1694 1779 1968 1854 conspicer
1990 1795 2106 1830 esse
2130 1780 2273 1830 Tati.

1104 1842 1338 1893 Romani
1362 1849 1573 1894 montes
1595 1850 1651 1895 et
1674 1843 1952 1894 montibus
1975 1843 2169 1895 addita
2191 1844 2367 1895 Roma
2597 1858 2657 1909 35

1164 1911 1221 1958 et
1245 1906 1431 1959 ualeat
1491 1908 1646 1959 robro
1670 1908 1845 1960 Vesta
1867 1908 2120 1975 pudenda
2145 1925 2277 1960 me0.

1098 1972 1191 2023 ille
1287 1989 1405 2033 uus,
1433 1973 1450 2023 i
1476 1973 1526 2024 le
1549 1989 1697 2024 meos
1720 1974 1775 2024 in
1800 1980 1981 2025 castra
2005 1979 2244 2039 reportet
2266 1990 2495 2035 amores,

1162 2037 1250 2088 cui
1322 2038 1471 2089 atius
1493 2037 1718 2089 dextras
1742 2038 1972 2089 collocat
1995 2039 2109 2105 ipse
2134 2039 2304 2089 iubas.

1097 2102 1231 2168 quid
1255 2102 1450 2153 mirum
1475 2103 1531 2154 in
1557 2104 1759 2168 patrios
1784 2103 2023 2167 Scyllam
2048 2104 2287 2154 saeuisse
2310 2103 2555 2169 capillos,

1161 2167 1501 2244 candidaque
1525 2168 1582 2219 in
1606 2167 1791 2219 foedos
1813 2168 2041 2233 inguina
2063 2184 2223 2220 uersa
2244 2175 2444 2219 canes?
2591 2183 2658 2232 40

1097 2231 1313 2297 prodita
1334 2232 1469 2298 quid
1496 2232 1691 2283 mirum
1716 2232 1942 2284 fraterni
1965 2249 2167 2283 cornua
2189 2233 2434 2295 monstri,

1160 2312 1285 2347 cum
1311 2298 1498 2363 patuit
1520 2297 1660 2349 lecto
1684 2298 1917 2348 stamine
1940 2302 2087 2348 torta
2110 2298 2242 2348 uia?

1095 2366 1367 2436 quantum
1391 2378 1491 2438 ego
1512 2378 1635 2438 sum
1658 2362 1918 2438 Ausoniis
1941 2362 2143 2438 crimen
2167 2362 2381 2414 factura
2403 2362 2617 2428 puellis,

1097 2426 1658 2566 Pgflffigsbaeffiffiffi?
1669 2427 2343 2558 gpgutsitsffiinrxsltffufroicgntes,
2589 2506 2651 2557 45

1160 2561 1405 2621 ignoscat
1427 2577 1439 2608 :
1477 2555 1711 2607 lacrimis
1734 2556 2009 2622 spargitur
2032 2572 2127 2607 ara
2150 2556 2299 2607 meis.

1094 2636 1232 2680 cras,
1259 2626 1325 2672 ut
1348 2637 1529 2672 rumor
1552 2621 1650 2682 ait,
1677 2626 1799 2672 tota
1822 2620 2144 2687 purgabitur
2168 2621 2300 2672 urbe
2323 2642 2334 2673 :

1160 2690 1224 2736 tu
1248 2701 1380 2751 cape
1403 2686 1604 2752 spinosi
1629 2686 1810 2736 rorida
1833 2692 1914 2737 ter
2006 2686 2135 2752 iugi.

1092 2750 1302 2801 lubrica
1324 2756 1445 2801 tota
1469 2751 1561 2801 uia
1582 2756 1667 2803 est
1689 2757 1748 2802 et
1771 2751 1899 2817 perfi
1941 2767 1975 2802 a
1995 2772 2006 2802 :
2043 2751 2243 2817 quippe
2266 2756 2516 2803 tacentes

1159 2815 1343 2866 fallaci
1366 2815 1510 2867 celat
1532 2815 1707 2868 limite
1730 2832 1940 2882 semper
1963 2832 2147 2883 aquas.
2593 2830 2657 2882 50

1094 2896 1126 2930 ο
1151 2880 1361 2932 utinam
1387 2881 1629 2947 magicae
1654 2897 1866 2932 nossem
1889 2880 2203 2932 cantamina
2227 2881 2421 2932 Musae
2444 2887 2455 2932 l

1156 2944 1297 2996 hanc
1319 2962 1534 3012 quoque
1556 2946 1788 2997 formoso
1809 2946 1999 3011 lingua
2021 2946 2241 2997 tulisset
2261 2963 2434 3022 opem.

1092 3014 1148 3061 te
1171 3016 1303 3075 toga
1326 3010 1474 3076 picta
1493 3010 1666 3071 decet,
1695 3027 1802 3062 non
1825 3027 1986 3077 quem
2011 3011 2128 3063 sine
2152 3017 2341 3062 matris
2365 3012 2565 3063 honore

1158 3075 1335 3126 nutrit
1357 3074 1689 3127 inhumanae
1709 3076 1848 3128 dura
1870 3076 2077 3143 papilla
2098 3076 2273 3142 lupae.

1092 3140 1185 3199 sic,
1214 3139 1310 3191 hos
1412 3180 1424 3201 ,
1450 3140 1723 3207 spatierne
1749 3145 1846 3193 tua
1870 3142 2059 3207 regina
2079 3142 2182 3192 sub
2204 3141 2372 3193 aula?
2589 3154 2648 3207 55

1157 3204 1254 3255 dos
1277 3205 1322 3256 ti
1363 3205 1381 3256 i
1404 3222 1512 3256 non
1537 3206 1759 3257 humilis
1783 3206 2001 3272 prodita
2027 3207 2200 3257 Roma
2222 3207 2392 3258 uenit.

1092 3269 1139 3321 si
1162 3270 1361 3332 minus,
1387 3276 1447 3322 at
1470 3288 1532 3322 ra
1568 3276 1660 3323 tae
1683 3288 1751 3323 ne
1774 3271 1887 3323 sint
1909 3270 2113 3338 inpune
2136 3272 2388 3334 Sabinae,

1156 3351 1243 3386 me
1267 3351 1396 3401 rape
1418 3341 1474 3387 et
1497 3353 1532 3387 a
1555 3342 1710 3388 terna
1732 3335 1851 3401 lege
1875 3336 2109 3403 repende
2134 3337 2294 3388 uices.

1092 3400 1407 3451 commissas
1430 3400 1572 3452 acies
1595 3417 1695 3467 ego
1718 3417 1934 3467 possum
1958 3400 2166 3452 soluere
2191 3407 2364 3468 nupta
2385 3420 2399 3462 ;

1156 3481 1255 3516 uos
1281 3465 1462 3517 media
1485 3465 1632 3531 palla
1654 3466 1845 3517 foedus
1869 3465 2004 3517 inite
2029 3481 2163 3517 mea.
2585 3469 2650 3518 60

1092 3529 1252 3593 adde,
1289 3530 1628 3647 gfflgpaeffl
1666 3530 1887 3592 modos3
1943 3530 2180 3593 tubicen,
2218 3530 2337 3583 fera
2369 3548 2650 3583 murmura

1156 3658 1380 3722 credite,
1408 3665 1596 3712 uestra
1617 3676 1769 3711 meus
1793 3660 2000 3712 molliet
2022 3676 2175 3712 arma
2199 3665 2365 3712 torus.

1091 3730 1151 3775 at
1175 3725 1285 3775 iam
1309 3731 1506 3792 quarta
1528 3726 1678 3777 canit
1702 3732 1990 3777 uenturam
2015 3725 2215 3776 bucina
2238 3725 2431 3787 lucem,

1154 3790 1381 3856 ipsaque
1404 3790 1461 3842 in
1488 3791 1765 3842 Oceanum
1788 3790 1967 3841 sidera
1990 3790 2142 3857 lapsa
2158 3791 2382 3842 cadunt.

1089 3870 1157 3906 ex
1230 3854 1338 3906 riar
1360 3872 1628 3916 somnum,
1654 3855 1723 3906 de
1746 3861 1803 3907 te
1828 3854 1961 3906 mihi
1984 3855 2195 3905 somnia
2218 3871 2476 3931 quaeram
2501 3876 2514 3908 ε
2583 3858 2647 3922 65

1178 3936 1241 3970 ac
1266 3921 1456 3972 uenias
1479 3920 1650 3971 oculis
1674 3920 1867 3971 umbra
1892 3920 2126 3984 benigna
2148 3921 2321 3971 meis!

1087 3983 1247 4047 «lixit,
1275 3989 1331 4036 et
1355 3985 1559 4037 incerto
1583 3985 1829 4051 permisit
1852 3984 2101 4036 bracchia
2122 4001 2328 4047 somno,

1153 4051 1337 4101 nescia
1357 4066 1415 4102 se
1437 4050 1595 4101 furiis
1617 4050 1933 4102 accubuisse
1958 4049 2129 4101 nouis.

1087 4129 1217 4164 nam
1248 4115 1433 4176 Vesta,
1464 4115 1665 4167 Iliacae
1688 4115 1826 4175 felix,
1840 4114 2019 4166 tutela
2043 4114 2288 4174 fauillae,

1152 4178 1370 4246 culpam
1393 4179 1495 4232 alit
1516 4186 1574 4231 et
1596 4180 1776 4246 plures
1799 4180 1985 4231 condit
2009 4179 2065 4230 in
2089 4195 2213 4230 ossa
2234 4179 2394 4230 faces.
2584 4192 2648 4243 70
2697 4211 2698 4234 ι

1088 4243 1185 4294 illa
1209 4243 1336 4304 ruit,
1364 4243 1543 4310 qualis
1565 4244 1791 4296 celerem
1818 4261 1978 4311 prope
2002 4244 2406 4295 Thermodonta

1151 4309 1243 4360 Str
1338 4309 1456 4360 onis
1480 4308 1717 4360 abscisso
1740 4315 1929 4375 pectus
1951 4315 2139 4374 aperta
2160 4309 2299 4360 sinu.

1089 4372 1210 4424 urbi
1257 4378 1408 4424 estus
1432 4380 1549 4426 erat
1575 4373 1781 4435 (dixere
1808 4373 2011 4425 Parilia
2035 4379 2235 4439 patres,

1151 4437 1240 4489 hic
1264 4438 1467 4504 primus
1489 4438 1667 4504 coepit
1690 4439 1973 4489 moenibus
1995 4442 2133 4499 esse)
2157 4438 2290 4499 dies,

1086 4520 1273 4555 annua
1294 4509 1573 4570 pastorum
1597 4504 1870 4565 conuiuia,
1897 4503 2053 4554 lusus
2076 4503 2131 4554 in
2158 4502 2307 4566 urbe,
2581 4516 2641 4570 75

1200 4645 1268 4690 1v
1300 4647 1359 4690 ιο
1390 4646 1470 4692 nic
1502 4663 1549 4693 e.
1615 4647 1673 4690 ιο
1695 4644 1867 4703 sutelis
1899 4646 1951 4692 L.
2017 4646 2090 4701 ιτ,
2115 4645 2175 4688 18

1081 4708 1247 4751 omnia
1270 4716 1306 4751 Δ
1325 4705 1377 4751 F.
1446 4706 1506 4749 30
1536 4707 1869 4764 compatiemla
1902 4705 1960 4751 Ο.
2030 4705 2089 4749 32
2111 4704 2307 4762 famosa
2328 4704 2441 4751 oN.
2509 4705 2567 4749 37
2589 4710 2773 4761 repon-te

2207 4764 2268 4808 47
2299 4764 2595 4820 ριινῃαὸἰιιιν
2616 4763 2840 4819 Huleatt,
2862 4763 3166 4821 puynabitur
3186 4773 3245 4818 Ω,
3267 4768 3380 4819 pota

1079 4767 1140 4810 42
1168 4766 1407 4811 stramine
1437 4764 1619 4820 AF(?).
1682 4766 1743 4808 45
1776 4765 2005 4810 Palladis
2036 4775 2072 4810 Δ
2092 4763 2143 4810 L.

1082 4831 1185 4871 tum
1215 4823 1500 4881 nescioquis.
1564 4824 1625 4867 50
1643 4837 1825 4880 semper
1843 4826 2140 4881 suspectum,
2165 4828 2331 4879 supter
2358 4823 2607 4879 Rossberg,
2633 4823 2747 4869 fort.
2775 4838 2833 4868 ue

2012 4884 2278 4939 patriaque
2310 4882 2363 4938 F,
2393 4882 2563 4939 patr-(r
2592 4881 2643 4926 in
2674 4880 2877 4936 ras.)are
2897 4881 2949 4937 1..
2981 4883 3241 4938 par-iamne
3272 4881 3332 4927 N.
3396 4882 3457 4925 57
3486 4886 3539 4926 at
3568 4881 3622 4929 F.
3647 4881 3735 4938 αξιε
3763 4880 3827 4936 Ν,
3851 4895 3910 4926 ac
3931 4892 3967 4927 Δ
3992 4881 4044 4927 L.
4091 4896 4150 4927 ne
4180 4882 4297 4934 LN.

1080 4887 1193 4943 post
1222 4885 1469 4940 spatior-ne
1499 4882 1689 4938 Heius„
1708 4884 1905 4939 patiare
1926 4893 1980 4935 Δ,

1084 4957 1183 4989 non
1204 4942 1262 4988 Ο.
1325 4942 1386 4986 59
1415 4956 1450 4988 n

1081 5062 1286 5108 Housm.
1330 5061 1424 5115 mu
1458 5058 1831 5115 Okrmodoonta
1861 5069 1920 5114 Ω,
1956 5073 2077 5104 corr.
2109 5074 2155 5106 v.
2219 5059 2278 5103 72
2307 5058 2489 5104 absciso
2521 5058 2634 5104 oN.

2830 1453 3075 1505 decreuit
3099 1453 3285 1519 poenis
3307 1453 3598 1531 inuigilare
3621 1454 3750 1504 suis.

2599 1534 2664 1585 30
2711 1504 2714 1533 Ι
2765 1518 3073 1584 prodiderat
3097 1525 3393 1594 portaeque
3417 1518 3577 1570 tidem
3601 1519 3834 1584 patriam
3873 1534 3942 1570 ue
3964 1518 4252 1581 iacentem,

2829 1582 3176 1649 nubendique
3199 1590 3338 1649 petit
3361 1600 3522 1649 quem
3548 1584 3683 1634 uelit
3706 1584 3823 1648 ipsa
3884 1584 4005 1635 iem.

2763 1653 2823 1698 at
2847 1648 3043 1699 Tatius
3067 1654 3263 1714 (neque
3286 1648 3431 1699 enim
3455 1647 3642 1699 sceleri
3666 1647 3819 1700 dedit
3842 1648 4015 1700 hostis
4039 1648 4321 1710 honorem)

2833 1718 2845 1740 ‘
2867 1713 3009 1764 nube
3030 1713 3040 1735 ’
3064 1712 3148 1764 ait
3173 1718 3186 1740 ‘
3203 1717 3261 1764 et
3284 1713 3434 1778 regni
3458 1712 3656 1764 scande
3678 1712 3856 1764 cubile
3879 1714 4025 1765 mei.'
4255 1731 4322 1779 90

2763 1777 2923 1839 dixit,
2951 1784 3009 1829 et
3031 1778 3258 1844 ingestis
3282 1778 3542 1829 comitum
3567 1794 3728 1843 super
3749 1778 3933 1830 obruit
3955 1778 4138 1831 armis.

2827 1841 2977 1903 haec,
3006 1844 3177 1908 uirg0,
3203 1842 3392 1893 officiis
3413 1842 3511 1893 dos
3533 1848 3651 1894 erat
3674 1848 3807 1908 apta
3828 1844 3954 1894 tuis.

2708 1896 2713 1955 Ι
2763 1923 2860 1958 nec
2882 1909 3018 1958 satis
3042 1924 3151 1958 una
3174 1907 3352 1958 malae
3375 1907 3555 1972 potuit
3579 1924 3720 1958 mors
3743 1924 3859 1958 esse
3882 1907 4113 1974 puellae,
4262 1922 4320 1973 17

2864 1988 2966 2023 uae
2991 1972 3167 2023 uoluit
3190 1972 3437 2023 flammas
3460 1972 3664 2033 fallere,
3692 1972 3882 2031 Vesta,
3905 1979 4046 2025 tuas.
4263 1976 4321 2025 18

2761 2052 2794 2087 a
2817 2055 2834 2086 ι
2859 2053 2955 2088 uce
2979 2037 3212 2102 Tarpeia
3236 2053 3389 2087 mons
3411 2043 3496 2088 est
3518 2053 3813 2103 cognomen
3838 2037 4104 2104 adeptus:
4252 2054 4285 2103 9
4290 2054 4318 2104 3

2825 2117 2857 2151 ο
2882 2101 3034 2168 uigil,
3058 2102 3258 2153 iniuste
3282 2102 3521 2166 praemia
3544 2102 3705 2154 sortis
3729 2102 3911 2154 habea

3516 2370 3569 2424 V

2760 2493 2926 2544 Terra
2950 2499 3107 2545 tuum
3132 2510 3158 2543 s
3197 2492 3303 2544 inis
3325 2492 3578 2553 obducat,
3606 2490 3748 2555 lena,
3775 2493 4138 2559 sepulchrum,

2824 2564 2882 2610 et
2906 2563 3018 2619 tua,
3046 2509 3195 2624 quod,
3216 2574 3321 2609 non
3347 2559 3448 2620 uis,
3476 2557 3682 2609 sentiat
3706 2558 3899 2610 umbra
3921 2559 4072 2610 sitim
4094 2579 4107 2619 ;

2760 2640 2856 2674 nec
2881 2623 3107 2674 sedeant
3129 2623 3297 2674 cineri
3322 2624 3532 2683 Manes,
3561 2630 3618 2675 et
3643 2622 3907 2675 Cerberus
3930 2623 4078 2675 ultor

2825 2688 3006 2754 turpia
3028 2688 3211 2739 ieiuno
3234 2694 3434 2739 terreat
3456 2705 3578 2739 ossa
3600 2703 3746 2739 sono.

2759 2753 2921 2805 docta
2944 2753 3031 2804 uel
3061 2752 3420 2819 Hippolytum
3448 2752 3647 2804 Veneri
3671 2751 3879 2804 mollire
3902 2758 4211 2819 negantem,
4284 2767 4311 2821 5

2822 2818 3178 2884 concordique
3202 2823 3322 2869 toro
3346 2818 3578 2883 pessima
3600 2833 3810 2883 semper
3831 2818 3969 2878 auis,

2760 2883 3064 2948 Penelopen
3088 2898 3305 2949 quoque
3329 2882 3576 2948 neglecto
3600 2897 3811 2934 rumore
3833 2883 4016 2934 mariti

2822 2947 3026 2999 nubere
3048 2946 3255 2998 lasciuo
3279 2953 3496 3012 cogeret
3517 2947 3775 2998 Antinoo.

2759 3012 2856 3063 illa
2880 3012 3032 3072 uelit,
3061 3018 3275 3078 poterat
3298 3028 3521 3077 magnes
3544 3028 3651 3063 non
3675 3012 3870 3063 ducere
3893 3010 4096 3064 ferrum

2824 3083 2882 3128 et
2904 3077 3140 3128 uolucris
3164 3077 3306 3128 nidis
3329 3093 3445 3127 esse
3470 3093 3704 3128 nouerca
3725 3077 3852 3128 suis.
4258 3094 4317 3129 10

2759 3142 2958 3209 quippe
2982 3147 3055 3203 et,
3083 3141 3325 3193 Collinas
3348 3142 3417 3192 ad
3441 3141 3639 3192 fossam
3665 3142 3898 3193 mouerit
3920 3140 4134 3203 herbae,

2822 3207 3031 3258 stantia
3054 3208 3290 3258 currenti
3314 3206 3653 3257 diluerentur
3673 3223 3834 3273 aqua.

2757 3272 2942 3324 audax
2965 3277 3220 3324 cantatae
3244 3271 3389 3335 leges
3412 3272 3666 3339 inponere
3689 3270 3854 3324 lunae

2822 3344 2878 3389 et
2901 3354 3002 3388 sua
3025 3345 3287 3388 nocturno
3309 3336 3499 3389 fallere
3522 3343 3676 3402 terga
3701 3337 3846 3403 lupo,

2756 3410 2939 3468 posset
2961 3408 3026 3453 ut
3049 3403 3290 3454 intentos
3313 3409 3439 3454 astu
3463 3419 3680 3453 caecare
3703 3402 3945 3463 maritos,
4250 3416 4307 3468 15

2819 3467 3094 3518 cornicum
3118 3467 3401 3518 inmeritas
3424 3468 3567 3518 eruit
3591 3483 3772 3533 ungue
3795 3483 3962 3532 genas
3982 3486 3995 3526 ;

2754 3532 3137 3598 consuluitque
3159 3532 3355 3597 striges
3379 3537 3563 3583 nostro
3584 3531 3652 3583 de
3676 3531 3941 3596 sanguine
3964 3537 4022 3583 et
4045 3531 4102 3582 in
4127 3545 4214 3582 me

2819 3597 2914 3663 hip
2988 3613 3173 3648 manes
3197 3597 3342 3648 fetae
3365 3596 3574 3648 semina
3596 3596 3728 3661 legit
3750 3612 3938 3663 equae.

2754 3678 2919 3713 exora
2993 3667 3020 3714 t
3042 3678 3178 3728 opus
3201 3661 3398 3722 uerbis,
3427 3661 3550 3721 heu,
3579 3660 3797 3722 blanda,
3826 3660 4047 3726 perinde

2818 3743 3069 3778 saxosam
3094 3732 3263 3792 atque
3284 3726 3429 3777 forat
3451 3725 3642 3777 sedula
3663 3725 3816 3792 talpa
3838 3725 4019 3779 uiam:
4245 3741 4310 3777 20

2759 3796 2771 3818 ‘
2789 3792 2836 3842 si
2862 3799 2916 3843 te
2943 3792 3057 3842 an
3081 3791 3447 3841 Dorozantum
3472 3791 3632 3842 iuuat
3655 3806 3820 3842 aurea
3843 3790 3977 3856 ripa,

2816 3863 2873 3909 et
2895 3873 3036 3922 quae
3058 3856 3160 3906 sub
3184 3855 3352 3920 Tyria
3372 3855 3576 3905 concha
3598 3855 3841 3921 superbit
3862 3871 4026 3921 aqua,

2757 3921 3156 3988 Eurypylisque
3180 3920 3357 3987 placet
3382 3921 3526 3971 Coae
3549 3925 3773 3971 textura
3794 3920 4080 3972 Mineruae

2817 3993 3073 4052 sectaque
3096 3985 3168 4035 ab
3190 3983 3449 4036 Attalicis
3474 3986 3657 4051 putria
3678 3985 3835 4050 signa
3857 3986 4009 4045 toris,

2751 4067 2847 4101 seu
2872 4066 3013 4117 quae
3036 4050 3350 4116 palmiferae
3375 4050 3606 4100 mittunt
3630 4049 3848 4101 uenalia
3870 4050 4106 4112 Thebae,
4245 4065 4304 4116 25

2815 4131 3136 4182 murreaque
3159 4115 3215 4165 in
3245 4114 3462 4166 Parthis
3485 4113 3678 4180 pocula
3700 4120 3853 4165 cocta
3875 4113 4026 4175 focis,

2750 4196 2939 4246 sperne
2964 4180 3142 4239 fidem,
3170 4179 3428 4246 prouolue
3451 4179 3596 4240 deos,
3625 4179 3908 4230 mendacia
3928 4180 4173 4242 uincam,

2815 4244 3003 4311 frange
3027 4250 3081 4296 et
3103 4245 3397 4296 damnosae
3420 4245 3542 4295 iura
3564 4243 3875 4310 pudicitiae.
4240 4247 4303 4295 28

2750 4309 2882 4360 (lum
2904 4315 3100 4361 uernat
3122 4326 3219 4360 san
3300 4309 3363 4371 is,
3391 4309 3522 4359 dum
3546 4309 3694 4374 rugis
3718 4308 3932 4374 integer
3953 4325 4147 4372 annus,
4244 4326 4306 4375 59
4341 4355 4344 4358 ,

2816 4382 2987 4435 utere,
3015 4391 3084 4426 ne
3108 4375 3202 4440 qui
3263 4390 3382 4425 cras
3406 4374 3541 4425 libet
3564 4374 3635 4424 ab
3657 4390 3747 4425 ore
3769 4373 3898 4425 dies
4240 4381 4307 4426 60

2750 4439 2864 4490 uidi
2892 4455 2991 4505 ego
3013 4439 3302 4490 odoratu-m
3325 4439 3542 4490 uictura
3564 4439 3769 4489 rosaria
3793 4439 4054 4490 Paestum

2813 4505 2916 4555 sub
2940 4503 3215 4555 matutino
3236 4509 3390 4555 cocta
3412 4503 3585 4555 iacere
3611 4504 3771 4556 Noto.
4240 4508 4304 4556 62

2205 4648 2317 4703 post
2346 4646 2405 4690 92
2436 4649 2621 4704 transp.
2655 4644 2870 4692 Broukh.
2935 4646 2993 4689 17
3013 4659 3096 4691 nec
3116 4659 3219 4700 nos,
3244 4649 3288 4691 et
3309 4655 3366 4691 Ω.
3432 4645 3492 4689 20
3510 4659 3628 4691 acra
3650 4645 3838 4700 Heius„
3856 4644 4001 4703 frena
4026 4645 4180 4693 Palm.
4247 4647 4305 4690 23

2773 4704 2916 4751 leod.
2952 4705 3105 4760 Pasa,
3141 4709 3335 4760 reponet
3369 4713 3426 4750 Ω.
3490 4705 3552 4747 40
3579 4704 3745 4762 foedos
3778 4704 3968 4759 Heius„
4003 4705 4212 4760 ἤσκησε
4241 4716 4299 4751 Ω.

3383 4763 3519 4808 bitur
3549 4762 3702 4809 Palm.
3727 4763 3812 4821 qui
3833 4766 3884 4808 et
3904 4764 4179 4809 cessabitur.
4243 4766 4304 4808 48

2830 4824 2951 4879 pris.
3015 4823 3076 4866 52
3094 4823 3222 4867 hanc
3243 4821 3438 4876 Baehr„
3463 4820 3619 4876 Maka
3640 4832 3698 4868 Ω.
3751 4823 3811 4865 55
3831 4824 4071 4878 spatie-rue
4093 4823 4297 4869 Housm.

1452 4941 1635 5046 ‹guale
1655 4951 1715 4996 Ω,
1740 4955 1859 4987 corr.
1887 4941 2211 5010 Luetjphann.
2277 4941 2338 4984 50
2367 4941 2528 4986 media
2550 4940 2745 4996 Baehr.‚
2771 4941 2982 4986 medium
3002 4949 3061 4985 Ω.
3125 4941 3184 4984 53
3203 4945 3267 5010 ,αἱ
3297 4940 3548 5009 Fonteiae,
3584 4945 3628 5008 ,⁶²
3658 4949 3717 4995 Ω,
3752 4945 3818 4985 set
3850 4939 4177 4996 Luetjohann.
4243 4942 4300 4985 55

1078 5003 1233 5048 oculis
1260 5002 1435 5047 uenias
1510 5034 1522 5046 .
1587 5001 1647 5045 58
1676 5014 1724 5046 sc
1743 5000 1903 5058 furiis
1934 5000 2196 5054 Liuineius.
2223 4997 2431 5056 nefartis
2452 5010 2510 5055 Ω,
2537 5013 2630 5044 uae
2651 4998 2757 5057 sur.
2783 4998 2950 5045 Jacob.
3014 4999 3071 5042 71
3095 4997 3231 5056 sumt
3261 4999 3436 5046 Baehr.
3481 4998 3726 5044 distichon
3754 4997 3845 5044 hoc

2686 5063 2851 5115 pectus
2883 5057 3166 5114 Hertzberg‚
3189 5057 3358 5113 fertur
3386 5068 3445 5104 Ω.
3510 5059 3569 5102 73
3595 5058 3773 5114 palilia
3807 5068 3861 5103 A.
3926 5058 3987 5101 74
4017 5059 4089 5103 ire
4126 5058 4296 5104 Heius.

3872 5003 3984 5057 post
4004 4999 4046 5045 8.
4072 4999 4132 5044 52
4162 4999 4302 5045 reicit

1077 5121 1137 5166 75
1168 5119 1280 5165 urbi
1308 5119 1372 5171 N.
1406 5119 1522 5164 fort.
1558 5124 1600 5164 et
1632 5120 1764 5174 urai,
1789 5120 1931 5164 aruis
1960 5117 2135 5164 Baehr.
2200 5118 2259 5162 75
2288 5118 2474 5163 delitiis
2494 5131 2656 5174 vmg..
2680 5118 2881 5162 diuitiis
2899 5126 2956 5162 Ω.
3021 5117 3081 5160 73
3110 5117 3587 5173 inmundae—dapes
3606 5125 3664 5170 Ω,
3699 5130 3818 5162 corr.
3845 5116 3976 5163 Itali.
4041 5117 4100 5161 82
4126 5120 4302 5174 coeptis

1078 5180 1284 5226 Housm.
1322 5178 1437 5223 fort.
1478 5181 1623 5225 recte.
1688 5178 1748 5221 83
1777 5191 2027 5223 ascensum
2059 5181 2293 5222 monstrat
2334 5177 2482 5221 dubio
2527 5176 2752 5230 Housm.,
2791 5175 3014 5221 lacunam
3055 5175 3293 5221 indicauit
3333 5176 3529 5230 Baehr.,
3569 5177 3802 5221 remissus
3840 5175 3886 5220 N
3928 5174 4036 5221 edd.

1079 5250 1305 5284 ascensus
1332 5236 1543 5294 dapibus
1564 5236 1609 5292 s.
1642 5239 1870 5282 remissus
1899 5235 2068 5283 Jacob.
2132 5237 2192 5280 85
2212 5237 2368 5281 oomni
2388 5234 2554 5290 Lach„
2580 5249 2742 5280 somno
2763 5238 2814 5280 et
2835 5248 2881 5280 ae
2900 5248 2989 5293 pro
3008 5235 3089 5279 aed
3111 5234 3363 5291 Rossberg.

4116 5174 4297 5232 lurimi,

3428 5235 3487 5278 85
3507 5235 3607 5279 tuis
3626 5243 3685 5280 Ω.
3750 5235 3810 5278 88
3830 5236 3930 5290 ipse
3950 5249 3980 5278 v
4001 5233 4060 5280 ed
4097 5268 4110 5280 .
4136 5234 4297 5281 multi.

1079 5299 1138 5343 93
1159 5298 1345 5353 tarpeio
1365 5305 1423 5351 Ω,
1453 5295 1718 5352 Tarpeium
1738 5295 1912 5350 Palm..
1936 5310 1967 5340 a
1990 5309 2098 5340 nece
2121 5295 2357 5351 Tarpeiae
2377 5294 2636 5340 Bassanus.
2702 5294 2763 5337 94
2782 5295 2963 5352 ἐπίασι(
2982 5293 3045 5339 N.
3089 5296 3235 5339 sortis
3255 5296 3553 5351 corruptum,
3570 5293 3731 5349 sontis
3761 5292 3989 5349 Ribbeck,
4015 5293 4130 5339 fort.
4148 5293 4302 5351 sortis

1080 5357 1148 5410 (h.
1174 5370 1215 5401 e.
1247 5355 1501 5400 ‘strenuae
1519 5351 1564 5408 ').

1426 5413 1435 5423 ⁸
1688 5354 1731 5397 V
1749 5356 1779 5398 5
1800 5354 1977 5458 melego
1999 5353 2057 5408 F)
2078 5353 2135 5399 O.
2202 5353 2231 5397 9
2247 5355 2422 5409 poterit
2445 5352 2504 5406 Ο,
2529 5366 2649 5398 corr.
2676 5352 2927 5398 Fonteine.
3251 5412 3260 5421 ‘
3386 5411 3394 5420 ι

1080 5416 1285 5461 Housm.
1321 5413 1490 5460 malim
1521 5413 1860 5469 exterebmbat,
1895 5427 1921 5457 c
1947 5447 1958 5459 .
1985 5412 2146 5458 Plaut.
2172 5411 2349 5457 Bacch.
2376 5411 2507 5456 1199.
2552 5411 2645 5456 heu
2677 5411 2901 5468 Housm.‚
2935 5425 3021 5456 ceu-
3051 5420 3108 5456 Ω.
3151 5411 3352 5467 per-mdc
3381 5410 3526 5465 idem,
3561 5425 3735 5466 perure
3764 5421 3822 5457 Ω.
3888 5411 3948 5455 20

2992 5353 3050 5395 12
3079 5352 3396 5397 diruerentur
3425 5352 3592 5397 Burm.
3657 5352 3717 5395 15
3736 5357 3779 5397 et
3799 5354 3833 5398 i.
3860 5362 3918 5398 Ω.
3984 5353 4042 5397 19
4062 5353 4301 5398 exercebat

3976 5417 4120 5468 atque
4149 5411 4295 5467 idem,

1079 5488 1188 5531 -que
1217 5483 1275 5519 Ω.
1312 5473 1453 5529 forat
1484 5472 1736 5528 Rossberg,
1763 5471 1901 5529 serat
1931 5481 1989 5517 Ω.
2036 5472 2173 5528 talpa
2201 5485 2246 5525 v,
2281 5471 2425 5526 culpa
2458 5479 2516 5524 Ω,
2548 5475 2688 5525 yutta
2719 5469 2888 5516 Jacob.
2953 5470 3010 5512 21
3040 5470 3357 5514 doro-’amum
3390 5470 3452 5524 N,
3476 5470 3791 5515 dev-muratum
3812 5469 3870 5526 O,
3900 5470 4183 5526 Topazitum
4212 5484 4299 5515 nos

1081 5537 1196 5591 post
1228 5532 1434 5577 Housm.
1458 5531 1543 5588 qui
1575 5536 1854 5588 topazorum
1874 5529 2016 5584 coni„
2041 5529 2139 5575 alia
2158 5528 2255 5574 alii.
2302 5532 2405 5574 rica
2439 5528 2610 5574 Heins.
2675 5529 2734 5572 23
2754 5529 3034 5584 Εανμρίἰίᾳ.
3060 5538 3118 5582 Ω,
3144 5542 3263 5573 corr.
3293 5528 3461 5573 Heius.
3523 5529 3582 5571 24
3601 5533 3776 5584 sextaq.
3803 5528 3862 5574 O.
3927 5529 3987 5572 25
4177 5540 4213 5575 Δ
4235 5529 4287 5584 F,

1076 5607 1106 5650 q
1123 5591 1174 5638 L.
1240 5591 1300 5634 28
1312 5590 1549 5648 smnyenc
1571 5599 1628 5636 Ω.
1693 5592 1805 5647 post
1827 5589 1957 5634 hunc
1978 5603 2024 5634 u.
2049 5589 2197 5632 53-52
2220 5592 2402 5646 transp.
2430 5587 2755 5644 Luetjohann.
2821 5588 2877 5631 51
2898 5587 3306 5644 odorati—pacati
3327 5596 3386 5645 Ω,
3409 5601 3528 5632 corr.
3557 5587 3816 5646 Schippers
3837 5588 3908 5643 (et
3930 5543 4051 5645 hosi.
