4890 6561
940 513 996 565 iv
2340 515 2650 568 PRAEFA
2660 515 2736 567 TI
2738 516 2780 567 Ο

1106 711 1141 744 ς
1223 706 1348 765 qua
1374 687 1453 748 ab
1481 686 1589 747 illo
1616 686 1970 746 indicantur
1999 691 2034 717 ‘⁴
2052 682 2437 744 coniecturae
2479 683 2778 743 Italorum
2809 683 2876 741 in
2904 682 3215 744 codicibus
3242 683 3628 764 interpolatis
3657 686 3932 749 obuiae.”
4015 688 4160 749 hinc

944 779 1132 841 etiam
1174 781 1317 841 illae
1357 781 1647 841 lectiones
1689 783 2102 859 prouenerunt
2143 797 2300 856 quae
2341 778 2420 836 ab
2450 777 2504 835 Ω
2533 778 2946 856 discrepantes
2989 797 3112 836 non
3153 780 3473 839 nominato
3517 787 3765 841 auctore
3810 783 3874 841 in
3919 788 4158 842 textum

944 880 1218 952 receptae
1248 882 1412 945 sunt,
1436 875 1701 952 exceptis
1730 873 2051 951 perpaucis
2079 892 2255 950 quae,
2278 872 2442 930 unde
2474 872 2772 940 uenerint,
2800 890 2998 948 neque
3027 872 3340 932 Baehrens
3369 873 3577 934 docuit
3605 881 3669 935 et
3697 896 3807 935 nos
3836 878 4156 936 nescimus.

942 969 1154 1027 eadem
1183 970 1369 1027 etiam
1399 970 1465 1027 in
1483 969 1537 1027 Ω
1559 969 1867 1028 codicibus
1896 966 2200 1025 breuitate
2223 966 2320 1023 usi
2339 967 2889 1043 quotienscumque
2917 965 3235 1025 lectionem
3257 966 3518 1026 alicuius
3538 969 3603 1026 in
3621 970 4017 1029 adnotatione
4035 991 4157 1029 non

945 1063 1560 1121 commemorauimus
1588 1062 1848 1121 eandem
1875 1064 1988 1118 aut
2013 1059 2141 1118 fere
2169 1059 2425 1118 eandem
2455 1078 2524 1117 ac
2543 1077 2701 1136 quae
2730 1058 2794 1115 in
2823 1063 2998 1116 textu
3028 1063 3219 1117 staret
3246 1060 3520 1138 intellegi
3548 1049 3878 1123 noluimus.
3950 1064 4016 1121 in
4039 1084 4161 1141 quo

944 1156 1130 1215 etiam
1161 1156 1322 1215 illud
1349 1157 1726 1215 monendum
1754 1161 1848 1214 est
1877 1172 2035 1232 quae
2063 1154 2127 1210 in
2157 1158 2331 1211 textu
2358 1152 2670 1211 inclinatis
2701 1152 2830 1211 siue
2859 1151 3080 1210 italicis
3106 1152 3330 1212 litteris
3358 1154 3635 1232 inpressa
3663 1162 3827 1225 sunt,
3857 1176 4067 1215 eorum
4097 1158 4160 1216 in

940 1249 1115 1308 nullo
1143 1269 1214 1308 ex
1242 1248 1296 1307 Ω
1324 1249 1631 1309 codicibus
1658 1269 1735 1308 ne
1762 1246 2100 1323 uestigium
2129 1246 2378 1324 quidem
2407 1244 2532 1303 iam
2556 1263 2702 1304 esse.

1104 1348 1201 1401 tot
1242 1342 1516 1402 codicum
1558 1342 1878 1401 uarietatis
1922 1341 2125 1418 copias
2166 1340 2232 1399 in
2273 1341 2459 1399 breue
2503 1338 3064 1415 coegimus‚..recisa
3100 1358 3242 1397 cum
3283 1340 3765 1419 corruptelarum
3807 1342 4160 1420 uulgarium

946 1435 1367 1505 multitudine,
1397 1442 1532 1495 tum
1567 1437 1837 1494 maxima
1868 1441 2044 1512 parte
2082 1453 2291 1493 eorum
2332 1452 2492 1511 quae
2531 1452 2783 1492 suorum
2814 1432 3092 1491 codicum
3123 1434 3255 1491 siue
3282 1434 3349 1491 in
3375 1440 3611 1494 textum
3642 1434 3986 1495 intulerunt
4030 1438 4160 1498 siue

945 1529 1025 1601 in¹
1050 1531 1329 1607 margine
1370 1530 1826 1607 adscripserunt
1867 1529 1911 1596 f,
1940 1527 2001 1605 d,
2032 1547 2071 1584 v
2112 1546 2334 1585 manus
2374 1525 2831 1593 emendatriceS,
2866 1526 3127 1585 seruatis
3169 1533 3376 1586 tamen
3413 1528 3583 1611 haud
3624 1531 3712 1588 ita
3752 1530 3962 1610 paucis
4003 1552 4160 1619 quae

945 1624 1220 1701 ipsorum
1248 1624 1523 1684 codicum
1551 1631 1838 1683 naturam
1880 1628 1942 1681 et
1984 1620 2168 1679 fidem
2212 1620 2433 1679 clarius
2474 1620 2829 1678 indicarent.
2916 1625 2979 1677 et
3021 1619 3164 1678 fidei
3205 1621 3498 1697 quoniam
3527 1622 3855 1682 incidimus
3884 1625 3949 1682 in
3992 1645 4160 1684 men-

944 1717 1196 1786 tionem,
1227 1718 1398 1776 haud
1438 1717 1518 1776 ab
1555 1736 1620 1775 re
1657 1716 1928 1776 alienum
1957 1715 2209 1773 uidetur
2235 1734 2393 1792 quae
2421 1715 2498 1773 de
2524 1714 2638 1772 hac
2667 1733 2730 1772 re
2757 1712 2962 1771 fusius
2990 1712 3055 1771 in
3083 1733 3180 1790 op.
3211 1714 3310 1773 cit.
3341 1735 3442 1793 pp.
3478 1714 3552 1775 73
3584 1736 3671 1794 sq.
3703 1717 4161 1795 disputauimus

940 1810 1047 1869 1116
1077 1811 1434 1870 summatim
1463 1812 1705 1871 referre.
1790 1810 1857 1869 hi
1897 1809 2089 1886 igitur
2127 1808 2191 1866 in
2229 1808 2513 1885 Properti
2542 1806 2916 1866 carminibus
2945 1812 3133 1865 testes
3160 1808 3523 1884 respiciendi
3554 1815 3717 1869 sunt.
3801 1812 4003 1888 primo
4031 1798 4162 1872 loco

946 1902 1394 1981 Neapolitanus
1415 1903 1492 1963 de
1520 1904 1693 1962 cuius
1721 1908 1922 1961 aetate
1947 1908 2010 1961 et
2030 1902 2395 1984 auctoritate
2416 1900 2875 1979 peruersissime
2902 1900 3204 1959 iudicauit
3224 1901 3537 1962 Baehrens
3560 1903 3720 1963 sicut
3736 1905 4019 1983 pluribus
4038 1907 4158 1965 iam

947 1996 1155 2055 uisum
1175 2003 1269 2056 est
1289 2022 1303 2070 ;
1332 1997 1499 2057 hunc
1516 1998 1743 2056 librum
1762 1996 1993 2075 triplici
2014 2002 2239 2054 natura
2257 2014 2388 2054 6666
2405 1994 2743 2052 tenendum
2764 1999 2859 2053 est
2877 2013 3015 2051 cum
3038 1992 3158 2052 alia
3174 2013 3310 2051 cum
3331 1992 3378 2051 Φ
3393 1998 3834 2056 consentientia
3854 1999 4162 2076 praebeat,

946 2088 1069 2147 alia
1091 2109 1228 2148 cum
1244 2097 1313 2157 Δ,
1326 2089 1448 2149 alia
1463 2109 1610 2148 uero
1629 2110 1769 2150 cum
1788 2095 2024 2150 neutro.
2074 2090 2361 2167 deinceps
2372 2087 2419 2146 Φ
2430 2095 2494 2148 61
2507 2095 2561 2146 Δ
2573 2088 2747 2166 quasi
2767 2088 3053 2165 stirpium
3070 2089 3369 2147 memoria
3385 2092 3655 2150 eruenda
3671 2097 3783 2161 est,
3796 2094 4164 2170 comparatis

836 2222 839 2227 -
944 2182 1107 2242 inter
1146 2203 1210 2243 se
1248 2183 1632 2260 singulorum
1667 2185 1775 2262 qui
1816 2184 1896 2243 ab
1933 2183 2053 2243 illis
2095 2184 2390 2260 originem
2433 2183 2745 2242 duxerunt
2787 2182 3061 2241 codicum
3103 2182 3487 2251 testimoniis,
3517 2183 3810 2261 neglectis
3838 2206 3980 2245 uero
4011 2207 4165 2264 quae

946 2275 1160 2334 intulit
1182 2282 1526 2336 correctura
1546 2278 1667 2335 11161
1686 2298 1841 2355 quae
1870 2278 2171 2337 nonnulla
2197 2278 2261 2335 in
2291 2278 2342 2335 F
2372 2282 2783 2336 correctorum
2812 2275 3050 2353 primus
3083 2276 3254 2351 (nam
3283 2297 3480 2336 unum
3508 2284 3757 2337 tantum
3785 2298 3917 2339 esse
3944 2300 4162 2358 parum

943 2375 1106 2429 recte
1134 2371 1375 2430 rettulit
1402 2372 1716 2431 Baehrens
1742 2378 1815 2430 ut
1843 2372 1923 2430 ab
1951 2372 2164 2430 eadem
2192 2373 2281 2429 Μ.
2312 2371 2538 2429 Α110111
2566 2370 2925 2445 didicimus)
2958 2369 3286 2446 exemplari
3327 2390 3541 2429 rursus
3580 2371 3854 2449 inspecto
3881 2374 4161 2432 emenda-

946 2469 1139 2523 uerat.
1223 2464 1435 2542 itaque
1465 2464 1749 2542 quotiens
1778 2465 1930 2541 quid
1959 2464 2022 2522 in
2052 2463 2099 2522 Φ
2128 2465 2425 2541 scriptum
2455 2464 2646 2521 fuerit
2673 2462 3025 2540 requiritur,
3056 2462 3485 2541 perpendenda
3510 2470 3656 2523 sunt
3683 2465 3984 2525 librorum
4012 2466 4087 2534 A,
4112 2467 4163 2523 F

949 2561 1120 2635 (cum
1147 2559 1177 2618 f
1202 2579 1274 2619 ex
1302 2562 1506 2637 parte)
1536 2560 1598 2619 N
1620 2561 1673 2619 L
1700 2560 2069 2620 testimonia.
2156 2560 2323 2637 quod
2353 2579 2499 2618 uero
2532 2559 2613 2618 ad
2641 2558 2701 2616 D
2722 2558 2780 2618 V
2808 2558 3050 2626 attinet,
3082 2559 3249 2635 ipsos
3290 2577 3328 2616 a
3370 2558 3638 2636 quadam
3670 2559 3880 2636 stirpis
3908 2557 3955 2616 Φ
3985 2560 4163 2637 quasi

948 2653 1137 2731 stirpe
1159 2654 1457 2729 originem
1481 2654 1823 2733 simplicem
1846 2655 2092 2713 duxisse
2120 2654 2317 2734 (quod
2338 2654 2654 2713 Baehrens
2677 2653 3017 2727 contendit)
3040 2672 3152 2712 nos
3175 2657 3445 2711 statuere
3465 2671 3588 2710 non
3608 2648 4001 2725 audebimus3
4045 2651 4160 2712 lec-

944 2746 1146 2805 tiones
1173 2767 1319 2806 uero
1337 2767 1491 2825 quas
1507 2749 1804 2826 praebent
1824 2748 1915 2807 ita
1935 2748 2385 2816 distribuimus,
2408 2754 2483 2805 ut
2505 2767 2626 2805 una
2644 2766 2786 2824 pars
2804 2765 3016 2804 earum
3042 2745 3124 2803 sit
3144 2765 3298 2823 quas
3321 2765 3463 2804 cum
3486 2744 3533 2803 Φ
3549 2765 3901 2805 60111111111166
3931 2746 4164 2805 habent

948 2859 1223 2918 quasque
1258 2848 1407 2900 nota
1435 2841 1489 2903 Ο
1516 2841 1841 2917 breuitatis
1884 2861 2069 2901 causa
2110 2841 2625 2918 comprehendere
2666 2840 3057 2899 commodum
3101 2839 3199 2907 sit,
3243 2840 3441 2899 altera
3480 2859 3690 2898 earum
3734 2860 3893 2918 quae
3930 2841 3991 2898 N
4019 2848 4083 2900 et
4112 2842 4165 2900 L

945 2934 1312 2994 auctoritate
1353 2935 1521 2994 haud
1560 2936 1905 3014 spernenda
1946 2935 2404 3003 confirmantur,
2433 2935 2621 2992 tertia
2662 2953 2810 2991 uero
2852 2933 3099 2991 illarum
3139 2952 3296 3010 quae
3337 2934 3400 2991 in
3444 2933 3613 2991 nullo
3652 2933 3773 2993 alio
3809 2934 4029 3002 codice,
4059 2936 4166 3012 qui

947 3026 1198 3104 quidem
1240 3028 1438 3087 bonus
1468 3028 1568 3096 sit,
1598 3029 2020 3106 reperiantur;
2066 3048 2223 3106 quae
2251 3027 2303 3086 si
2341 3027 2547 3086 nullae
2576 3032 2798 3095 essent,
2828 3046 3079 3105 prorsus
3117 3027 3420 3086 abiciendi
3460 3033 3664 3087 essent
3705 3027 3939 3086 codices
3975 3029 4162 3087 auda-

946 3121 1107 3179 ciore
1148 3121 1620 3200 interpolatione
1660 3124 1959 3183 foedatae.
2043 3121 2164 3182 huc
2205 3142 2521 3181 accessura
2559 3128 2705 3181 sunt
2741 3121 3042 3180 nonnulla
3070 3121 3150 3180 ab
3178 3121 3207 3179 f
3233 3126 3297 3178 et
3324 3141 3363 3178 v
3390 3125 3660 3179 correcta
3688 3121 3740 3180 si
3769 3130 3804 3154 ‘⁸
3822 3141 4041 3179 uerum
4070 3131 4164 3181 est

947 3213 1115 3291 quod
1154 3212 1279 3273 Leo
1321 3219 1527 3274 censet
1567 3215 2052 3275 Laurentianum
2094 3223 2156 3275 et
2197 3217 2569 3275 Vaticanum
2619 3235 2691 3275 ex
2734 3216 2939 3274 codice
2980 3214 3187 3293 aliquo
3228 3214 3622 3291 Neapolitani
3663 3215 3829 3274 haud
3879 3216 4164 3275 dissimili

944 3313 1109 3366 certe
1137 3327 1260 3366 non
1297 3328 1370 3368 ex
1398 3309 1533 3386 ipso
1562 3309 1623 3366 N
1651 3316 1950 3368 correctos
1978 3330 2109 3368 esse
2131 3309 2165 3334 ''
2202 3311 2302 3384 (R.
2339 3309 2628 3387 Solbisky
2657 3310 2727 3367 de
2756 3309 3050 3366 codicibus
3073 3309 3491 3385 Propertianis
3519 3329 3577 3385 p.
3611 3307 3756 3385 172)
3789 3309 3892 3369 1161
3920 3311 3971 3368 61
3999 3330 4162 3379 uera,

944 3404 1019 3458 ut
1046 3407 1208 3459 certe
1236 3402 1507 3479 suptilia,
1536 3402 1888 3480 disputauit
1914 3403 1989 3462 A.
2018 3403 2090 3461 E.
2120 3403 2450 3462 Housman
2479 3402 2738 3462 Journal
2767 3402 2836 3479 of
2855 3403 3166 3478 Philoloyy
3195 3402 3316 3460 xxii
3344 3423 3444 3480 pp.
3479 3403 3594 3461 105
3625 3422 3791 3481 seqq.

1109 3492 1186 3552 de
1213 3494 1525 3554 codicibus
1565 3495 1949 3575 interpolatis
1989 3497 2204 3574 paucis
2244 3495 2736 3573 transigendum.
2849 3495 3304 3554 Baehrensiano
3344 3495 3452 3554 illo
3493 3523 3528 3555 ς
3570 3497 3930 3557 necessitate
3970 3497 4162 3556 coacti

948 3586 1224 3648 utimur:
1268 3589 1372 3649 ille
1396 3590 1563 3650 enim
1591 3610 1746 3668 quos
1768 3590 2004 3650 codices
2030 3591 2381 3669 quibusque
2409 3610 2514 3650 eos
2543 3589 2928 3667 argumentis
2956 3589 3359 3667 interpolatos
3390 3590 3691 3648 iudicaret
3720 3589 3919 3649 dicere
3949 3610 4157 3668 super-

947 3682 1123 3740 sedit.
1187 3687 1349 3742 certe
1366 3683 1431 3742 in
1452 3703 1523 3743 eo
1542 3703 1797 3742 numero
1816 3690 1962 3742 sunt
1980 3684 2213 3743 Gronin
2221 3703 2416 3759 ganus
2440 3684 2779 3743 Perusinus
2798 3683 2984 3741 Helm
2992 3683 3316 3741 stadiensis
3338 3702 3601 3760 quorum
3619 3701 3872 3742 excussa
3893 3685 4161 3743 uarietas

948 3775 1145 3835 doctis
1189 3775 1480 3837 innotuit.
1580 3783 1831 3846 ceteros,
1873 3777 2080 3854 siquid
2123 3776 2200 3836 dc
2241 3777 2329 3835 eis
2370 3777 2680 3844 nouimus,
2723 3776 2924 3835 tutius
2966 3776 3375 3856 iudicauimus
3417 3795 3528 3834 suo
3570 3795 3876 3854 quemque
3919 3780 4163 3837 nomine

946 3867 1169 3941 citare3
1214 3867 1278 3926 in
1306 3869 1533 3947 quibus
1560 3869 1891 3929 Passeratii
1934 3875 2176 3948 quoque
2214 3871 2466 3938 60111666,
2507 3889 2769 3947 quorum
2802 3868 3110 3936 lectiones,
3142 3889 3218 3929 ne
3254 3870 3566 3929 mentione
3600 3870 3850 3947 quidem
3888 3871 4161 3929 codicum

943 3961 1191 4021 illorum
1231 3963 1414 4030 facta,
1443 3963 1789 4023 Passeratio
1830 3964 1947 4042 ipsi
1975 3963 2435 4023 dissimulanter
2478 3964 2765 4023 attribuit
2806 3963 3137 4022 Baehrens.
3242 3982 3400 4041 quae
3433 3963 3499 4020 in
3535 3963 3757 4021 talium
3799 3982 4160 4023 commemo-

946 4054 1200 4122 ratione,
1230 4054 1409 4115 uelut·
1430 4056 1648 4125 aliena,
1683 4057 1946 4134 uirgulis
1975 4056 2352 4126 inclusimus,
2394 4057 2749 4117 testimonio
2778 4056 3042 4117 aliorum
3071 4076 3193 4115 non
3221 4056 3553 4135 explorato,
3585 4057 3761 4116 uelut
3798 4057 4159 4126 Burmanni,

944 4149 1248 4208 nituntur.

1109 4239 1175 4298 in
1218 4240 1494 4301 uirorum
1542 4242 1863 4302 doctorum
1896 4245 2260 4304 coniecturis
2295 4245 2623 4305 laudandis
2661 4244 3154 4305 Baehrensianas
3191 4244 3396 4322 copias
3433 4264 3826 4322 nequaquam
3868 4245 4160 4304 aemulati

947 4352 1182 4402 sumus,
1224 4334 1523 4394 nonnulla
1560 4340 1769 4395 tamen
1803 4357 1960 4415 quae
1987 4339 2091 4398 ille
2115 4345 2430 4417 spreuerat
2463 4341 2562 4398 uel
2588 4341 3092 4418 praeteruiderat‚
3121 4338 3302 4420 plura
3327 4337 3514 4396 etiam
3542 4343 3682 4415 post
3710 4337 3892 4395 illum
3919 4337 4162 4396 felicius

945 4433 1254 4505 temptata
1295 4429 1632 4508 recepimus
1672 4431 1739 4489 in
1782 4437 2020 4491 textum
2070 4432 2170 4493 uel
2214 4434 2279 4491 in
2328 4433 2491 4492 notis
2537 4434 3169 4492 commemorauimus.
3252 4432 3366 4491 has
3402 4432 3528 4491 illis
3569 4431 3970 4490 attribuimus
4004 4452 4159 4509 quos

944 4522 1178 4601 primos
1205 4523 1514 4583 inuenisse
1550 4524 1653 4584 1161
1694 4526 1926 4602 publici
1969 4527 2121 4586 iuris
2161 4528 2377 4586 1661666
2419 4527 2757 4596 constabat,
2788 4528 2954 4605 quod
2994 4547 3119 4586 non
3159 4544 3546 4585 moneremus
3579 4525 3701 4582 nisi
3729 4523 3889 4583 illud
3916 4543 4162 4603 quoque

944 4618 1321 4676 monendum
1349 4623 1527 4689 esset,
1556 4638 1695 4678 cum
1725 4619 1965 4698 aliquot
1996 4641 2069 4680 ex
2110 4621 2474 4680 coniecturis
2511 4622 2576 4680 in
2615 4627 2853 4680 textum
2893 4621 3147 4698 receptis
3184 4620 3302 4698 ipsi
3341 4618 3812 4685 excudissemus,
3840 4625 4053 4696 postea
4079 4619 4160 4678 ab

946 4711 1085 4770 aliis
1133 4719 1456 4791 occupatas
1501 4713 1890 4790 uidissemuS,
1938 4714 2005 4774 in
2050 4715 2151 4774 his
2201 4722 2484 4775 nostrum
2526 4733 2753 4773 nomen
2794 4714 2929 4773 ideo
2966 4733 3090 4772 non
3132 4713 3445 4772 reticuisse
3485 4731 3564 4770 ne
3603 4710 3867 4770 alienam
3911 4718 4159 4770 tantum

946 4805 1375 4864 auctoritatem
1406 4807 1599 4866 secuti
1628 4827 1760 4866 esse
1789 4809 2158 4870 uideremur.
2245 4809 2722 4886 orthographiae
2750 4808 3064 4867 interdum
3092 4807 3265 4867 taciti
3293 4805 3714 4865 subuenimus.

1106 4898 1403 4957 librorum
1445 4906 1509 4960 et
1549 4902 1891 4959 carminum
1933 4922 2257 4962 numerum
2300 4904 2702 4980 ordinemque
2745 4902 2996 4961 solitum
3039 4899 3444 4967 seruauimus,
3475 4896 3914 4956 Muellerianae
3950 4903 4158 4955 tamen

945 4990 1233 5052 editionis
1261 4993 1535 5053 numeris
1563 4994 1630 5053 in
1657 4994 1830 5054 nullo
1857 5014 2049 5073 paene
2077 5015 2201 5054 non
2223 4997 2489 5054 carmine
2506 4995 2853 5072 adscriptis.
2936 4995 3093 5053 libro
3110 4998 3359 5053 tantum
3374 4991 3574 5069 primo
3593 4990 3700 5068 qui
3721 4990 3911 5067 uulgo
3933 4990 4160 5050 dicitur

942 5105 1130 5146 suum
1171 5087 1516 5147 Crwrnnm
1557 5088 1815 5148 titulum
1858 5096 2105 5149 auctore
2146 5089 2435 5149 Martiale
2468 5089 2653 5165 (XIV
2684 5089 2829 5165 189)
2862 5088 3275 5156 reddidimus3
3319 5085 3485 5143 hunc
3529 5090 3543 5116 ⁴
3568 5082 3964 5142 monobiblon
3985 5083 3998 5108 '
4030 5102 4160 5142 esse

942 5185 1006 5239 et
1046 5180 1359 5241 Martialis
1386 5183 1611 5242 lemma
1638 5188 1700 5241 et
1727 5183 1931 5242 AFV
1959 5182 2194 5243 codices
2237 5183 2603 5242 documento
2646 5186 2810 5249 sunt,
2840 5182 2918 5240 61.
2958 5182 3097 5240 Birt
3140 5183 3247 5239 das
3288 5178 3489 5236 antikc
3531 5177 3892 5235 Buchwesen
3930 5196 4033 5254 pp.
4060 5176 4157 5243 80,

939 5272 1078 5350 414.
1165 5274 1331 5351 quod
1357 5275 1439 5334 ad
1467 5276 1803 5336 secundum
1831 5276 1939 5354 qui
1973 5276 2202 5335 dicitur
2241 5275 2472 5334 librum
2509 5274 2750 5342 attinet,
2781 5274 3054 5333 carmina
3081 5272 3299 5333 vii-xiii
3334 5270 3477 5329 libri
3505 5269 3673 5329 tertii
3700 5269 3892 5329 1111666
3918 5270 4160 5346 egregia

922 5356 1360 5445 ”disputatione
1384 5369 1565 5430 nobis
1593 5369 2017 5448 comprobauit
2045 5369 2374 5438 BaehrenS,
2396 5368 2712 5446 proleyom.
2744 5388 2844 5446 pp.
2875 5385 2987 5425 xm
3018 5388 3151 5445 sqq.

1102 5469 1174 5522 ut
1201 5461 1325 5520 iam
1353 5464 1435 5522 ad
1469 5469 1675 5523 textus
1703 5462 2116 5523 constituendi
2144 5463 2411 5521 rationes
2440 5462 2782 5529 ueniamus,
2813 5467 2874 5520 et
2915 5461 2996 5521 ad
3037 5460 3160 5519 alia
3200 5465 3263 5518 et
3302 5459 3367 5517 in
3408 5454 3847 5534 orthographia
3883 5455 4158 5514 codicum

942 5561 1309 5640 scripturam
1338 5560 1429 5621 ita
1457 5558 1901 5637 castigauimus
1943 5562 2016 5617 ut
2056 5576 2248 5636 praua
2281 5556 2598 5625 eiciantur,
2630 5541 2834 5615 media
2870 5561 2934 5614 61
2967 5554 3203 5613 incerta
3239 5551 3685 5628 relinquantur.
3769 5549 3836 5615 in
3877 5548 4158 5609 uersibus
