4890 6561
1695 499 1863 554 SEX.
1913 498 2302 553 PROPERTI
2340 497 2490 553 LIB.
2537 500 2610 553 ΙΙ
2648 500 2792 566 [ΙΙΙ]

1248 806 1302 858 x
1335 807 1445 871 [111
1484 806 1536 871 1]

607 916 714 969 Sed
742 924 954 984 tempus
978 920 1207 972 lustrare
1231 921 1353 972 aliis
1380 922 1645 974 Helicona
1666 922 1889 985 choreis,

672 999 923 1049 campum
947 992 1002 1035 et
1028 986 1281 1037 Maeonio
1304 987 1412 1037 iam
1437 987 1565 1038 dare
1589 993 1699 1039 tem
1741 1006 1804 1038 us
1829 1005 1982 1055 equo.

605 1046 717 1099 iam
742 1048 877 1099 libet
900 1055 955 1100 et
978 1049 1143 1101 fortes
1168 1067 1464 1102 memorare
1488 1051 1558 1102 ad
1584 1069 1709 1118 proe
1733 1070 1787 1104 ia
1811 1059 2023 1105 turmas

672 1117 728 1163 et
752 1113 1000 1164 Romana
1023 1115 1128 1165 mei
1151 1114 1328 1166 dicere
1351 1122 1530 1167 castra
1552 1117 1720 1169 ducis.

604 1176 750 1242 quod
774 1178 819 1227 si
843 1179 1097 1231 deficiant
1120 1180 1281 1241 uireS,
1308 1181 1539 1231 audacia
1560 1188 1706 1233 certe
2132 1196 2160 1250 5

671 1240 793 1292 laus
816 1243 952 1295 erit:
989 1244 1044 1294 in
1071 1245 1282 1309 magnis
1304 1251 1361 1296 et
1383 1245 1619 1297 uoluisse
1643 1252 1730 1297 sat
1752 1251 1849 1300 est.

605 1306 788 1370 (aetas
812 1308 984 1373 prima
1005 1315 1168 1359 canat
1194 1309 1447 1371 Veneres,
1474 1318 1720 1362 extrema
1742 1311 2049 1364 tumultus:

670 1370 814 1422 bella
837 1388 1048 1433 canam,
1075 1374 1294 1439 quando
1316 1376 1519 1441 scripta
1542 1375 1725 1442 puella
1749 1393 1869 1427 mea
1892 1378 2026 1442 est.)

604 1451 748 1486 nunc
771 1437 896 1487 uolo
919 1438 1187 1489 subducto
1208 1439 1428 1504 grauior
1450 1441 1730 1505 procedere
1754 1441 1935 1502 uultu,

668 1516 812 1551 nunc
836 1502 1000 1553 aliam
1025 1502 1291 1554 citharam
1314 1520 1401 1555 me
1424 1521 1545 1557 mea
1568 1506 1731 1556 Musa
1753 1506 1924 1557 docet.
2099 1521 2160 1557 10

601 1580 777 1629 surge,
796 1567 994 1628 anime,
1014 1584 1081 1619 ex
1096 1568 1320 1628 humili;
1344 1569 1472 1630 iam,
1492 1570 1749 1631 carmina,
1772 1571 1971 1622 sumite
1987 1570 2155 1632 uires;

601 1693 615 1704 α
668 1629 925 1692 Pierides,
954 1649 1043 1683 ma
1118 1633 1136 1682 i
1162 1649 1304 1684 nunc
1327 1634 1430 1685 erit
1453 1635 1559 1684 oris
1582 1652 1747 1700 opus:

599 1708 710 1745 lam
736 1702 901 1761 negat
928 1697 1048 1762 Eup
1115 1702 1233 1748 ates
1257 1698 1495 1763 equitem
1521 1705 1646 1765 post
1667 1705 1752 1750 ter
1845 1699 1988 1751 tueri

666 1758 989 1811 Parthorum
1015 1768 1072 1812 et
1096 1762 1317 1812 Crassos
1340 1779 1396 1813 se
1421 1764 1662 1815 tenuisse
1686 1765 1755 1815 do
1777 1770 1863 1816 et:

602 1822 762 1874 India
785 1826 935 1890 quin,
964 1827 1232 1890 Auguste,
1260 1831 1359 1878 tuo
1381 1827 1480 1879 dat
1502 1828 1643 1879 colla
1664 1827 1956 1895 triumpho,

665 1894 719 1938 et
743 1888 935 1941 domus
959 1891 1200 1942 intactae
1224 1898 1279 1942 te
1303 1892 1490 1943 tremit
1513 1893 1751 1944 Arabiae
1775 1914 1786 1944 ε

596 1956 654 2003 et
678 1952 836 2019 siqua
857 1956 1114 2007 extremis
1136 1955 1302 2007 tellus
1324 1972 1382 2007 se
1404 1958 1680 2009 subtrahit
1702 1958 1826 2019 oris,

664 2021 867 2070 sentiat
889 2019 987 2071 illa
1010 2026 1136 2071 tuas
1159 2021 1443 2087 postmodo
1466 2028 1629 2087 capta
1652 2039 1861 2074 manus.

597 2080 732 2132 haec
755 2100 854 2148 ego
876 2090 1057 2135 castra
1078 2102 1309 2151 sequar:
1346 2093 1504 2137 uates
1527 2094 1627 2138 tua
1650 2092 1829 2138 castra
1851 2088 2095 2139 canendo

662 2162 893 2214 magnus
916 2166 1039 2201 ero:
1075 2155 1293 2201 seruent
1316 2150 1461 2201 hunc
1485 2151 1619 2202 mihi
1644 2152 1761 2203 fata
1784 2152 1927 2203 diem
1955 2159 1966 2204 1
2089 2167 2155 2204 20

2097 1841 2154 1895 15

600 2214 664 2260 ut
686 2219 853 2279 caput
876 2215 932 2265 in
957 2215 1169 2279 magnis
1190 2215 1285 2265 ubi
1310 2231 1416 2266 non
1440 2222 1525 2268 est
1547 2222 1642 2267 tan
1683 2233 1770 2268 ere
1794 2217 1981 2291 signis,
2013 2221 2120 2267 ila.
2136 2258 2183 2273 Η,

668 2280 889 2342 ponitur
912 2279 1000 2330 hic
1024 2280 1161 2329 imos
1184 2286 1313 2330 ante
1337 2296 1534 2332 corona
1556 2298 1621 2347 pe
1662 2297 1737 2342 es,

595 2344 675 2396 sic
698 2360 794 2394 nos
818 2360 978 2405 nunc,
1006 2344 1192 2409 inopes
1215 2343 1394 2395 laudis
1417 2346 1771 2397 conscendere
1794 2346 1851 2397 in
1876 2362 2071 2408 arcem,

662 2409 988 2475 pauperibus
1010 2409 1175 2459 sacris
1199 2408 1335 2459 uilia
1356 2416 1482 2460 tura
1506 2410 1713 2461 damus.

596 2474 836 2524 nondum
860 2473 1027 2524 etiam
1053 2472 1313 2524 Ascraeos
1331 2480 1531 2525 norunt
1551 2491 1671 2525 mea
1689 2475 1933 2528 carmina
1949 2476 2148 2535 fontes,

661 2538 756 2589 sed
781 2538 939 2589 modo
965 2539 1230 2590 Permessi
1251 2538 1474 2591 flumine
1498 2539 1640 2591 lauit
1664 2539 1848 2593 Amor.
2089 2544 2152 2593 26

1198 2742 1283 2794 XI
1317 2744 1429 2808 [111
1466 2744 1548 2808 11]

594 2856 846 2909 Scribant
869 2856 936 2908 de
960 2860 1017 2907 te
1039 2854 1135 2906 alii
1160 2856 1250 2907 uel
1272 2857 1348 2907 sis
1374 2856 1565 2923 ignota
1587 2856 1806 2909 licebit:

658 2921 864 2981 laudet,
930 2922 987 2971 ui
1010 2921 1184 2971 sterili
1206 2922 1416 2973 semina
1438 2922 1593 2988 ponit
1616 2922 1798 2973 humo,

590 2987 793 3046 omnia,
820 3002 905 3037 cre
945 3002 975 3036 e
999 2985 1149 3046 mihi,
1177 2990 1359 3036 tecum
1383 3003 1492 3037 uno
1515 3003 1743 3038 munera
1765 2987 1907 3038 lecto

657 3051 872 3102 auferet
894 3049 1123 3102 extremi
1146 3049 1354 3101 funeris
1376 3057 1500 3103 atra
1523 3052 1637 3102 dies
1658 3072 1671 3102 ε

592 3120 649 3168 et
673 3120 770 3166 tua
794 3114 1050 3166 transibit
1072 3121 1424 3166 contemnens
1446 3132 1569 3166 ossa
1591 3116 1787 3177 uiator,
2120 3129 2147 3183 5

657 3196 755 3232 nec
781 3180 927 3232 dicet
954 3184 967 3207 ⁸
986 3179 1122 3231 cinis
1145 3179 1234 3232 hic
1257 3180 1418 3232 docta
1440 3180 1623 3248 puella
1645 3180 1792 3233 fuit.’

1176 3388 1291 3440 x11
1324 3388 1436 3452 [111
1471 3388 1584 3452 111]

591 3503 931 3568 Quicumque
953 3500 1047 3554 ille
1069 3501 1194 3563 fuit,
1258 3517 1448 3553 uerum
1508 3501 1567 3552 ui
1590 3501 1770 3568 pinxit
1797 3504 2069 3568 Amorem,

654 3584 833 3619 nonne
858 3573 1020 3633 putas
1044 3567 1208 3617 miras
1272 3583 1378 3617 unc
1401 3566 1473 3617 ha
1511 3567 1657 3618 uisse
1682 3573 1916 3619 manus?

589 3633 636 3683 is
661 3633 892 3698 primum
917 3632 1060 3683 uidit
1083 3632 1199 3682 sine
1221 3648 1385 3683 sensu
1408 3631 1594 3683 uiuere
1618 3636 1867 3684 amantes

654 3701 711 3748 et
734 3696 947 3747 leuibus
971 3697 1114 3747 curis
1138 3712 1338 3761 magna
1360 3696 1532 3762 perire
1556 3695 1713 3747 bona.

588 3761 735 3813 idem
761 3777 867 3811 non
892 3761 1093 3812 frustra
1116 3769 1374 3811 uentosas
1397 3761 1612 3811 addidit
1634 3760 1769 3822 ala-⁴3,
2119 3775 2147 3828 5

653 3826 784 3877 fecit
808 3831 865 3877 et
887 3826 1001 3876 hau
1025 3842 1169 3876 nano
1191 3826 1347 3876 corde
1371 3825 1555 3876 uolare
1579 3824 1740 3876 deum
1761 3845 1775 3886 ;

588 3891 798 3942 scilicet
820 3891 1036 3943 alterna
1058 3890 1316 3957 quoniam
1339 3890 1607 3941 iactamur
1630 3890 1687 3940 in
1713 3890 1877 3953 unda,

653 3961 946 4021 nostraque
971 3971 1078 4006 non
1101 3954 1232 4005 ullis
1256 3960 1538 4020 permanet
1559 3971 1696 4006 aura
1719 3954 1848 4006 locis
1872 3976 1885 4007 ε

422 4037 449 4070 κ
484 4033 509 4058 2'
588 4025 643 4071 et
668 4021 862 4071 merito
884 4020 1123 4070 hamatis
1144 4035 1338 4071 manus
1363 4023 1448 4070 est
1470 4024 1685 4070 armata
1708 4019 1946 4096 sagittis,

626 4090 710 4136 ·et
734 4081 1079 4150 pharetra'ex
1103 4100 1287 4135 umero
1311 4084 1516 4135 Gnosia
1537 4091 1769 4150 utroque
1791 4091 1934 4136 iacet
1956 4105 1970 4145 ;
2087 4100 2148 4137 10

588 4154 720 4201 ante
743 4149 872 4200 ferit
895 4149 1171 4215 quoniam,
1199 4148 1309 4199 tuti
1333 4164 1498 4214 quam
1523 4149 1791 4200 cernimus
1813 4149 2043 4211 hostem,

653 4230 752 4265 nec
775 4214 1063 4280 quisquam
1088 4230 1154 4264 ex
1179 4213 1275 4264 illo
1298 4213 1525 4264 uulnere
1547 4229 1714 4264 sanus
1738 4214 1870 4265 abit.

584 4278 643 4331 in
667 4295 753 4330 me
776 4278 890 4330 tela
913 4283 1155 4340 manent,
1183 4282 1371 4329 manet
1392 4282 1450 4329 et
1510 4277 1693 4328 uerilis
1715 4278 1897 4345 imago
1920 4299 1932 4330 ε

654 4343 748 4394 sed
772 4348 919 4394 certe
942 4359 1146 4409 pennas
1171 4342 1406 4408 perdidit
1428 4342 1466 4393 il
1492 4359 1521 4394 e
1545 4358 1671 4392 suas
1692 4361 1706 4402 3

585 4407 772 4459 euolat
795 4408 900 4458 heu
925 4412 1111 4458 nostro
1134 4407 1390 4474 quoniam
1415 4407 1483 4458 de
1507 4412 1720 4472 pectore
1744 4422 2013 4473 nusquam
2087 4419 2143 4473 15

650 4472 1012 4538 assiduusque
1035 4487 1156 4523 meo
1178 4472 1445 4537 sanguine
1470 4471 1613 4522 bella
1635 4472 1791 4537 gerit.

583 4537 715 4602 quid
741 4537 843 4587 tibi
866 4536 1165 4586 iucundum
1187 4543 1270 4587 est
1294 4536 1447 4587 siccis
1470 4536 1720 4588 habitare
1745 4535 2034 4588 medullis?

584 4601 1152 4717 ...assistas
1172 4600 1708 4731 ιιῑᾏτὲιὲεει..

649 4747 758 4782 ιιοιι
780 4746 898 4797 ego,
924 4730 1021 4782 sed
1044 4730 1224 4781 tenuis
1250 4729 1480 4796 uapulat
1503 4729 1696 4781 umbra
1718 4744 1855 4781 mea.
2080 4743 2145 4782 20

699 4868 745 4913 X
773 4870 1031 4916 continuat
1061 4869 1209 4928 priori
1241 4870 1295 4924 F,
1330 4869 1444 4916 hinc
1477 4884 1661 4916 nouum
1690 4869 1869 4915 librum
1900 4869 2162 4916 ordiuntur
2190 4870 2337 4917 Laeh.
2372 4870 2473 4927 alii,
2498 4871 2696 4917 initium
2723 4871 2922 4929 periisse
2953 4869 3165 4916 uidetur.

879 4929 1087 4974 Housm.
1133 4929 1361 4974 Maeonio
1394 4929 1583 4985 Heius„
1619 4927 1949 4985 (h)(a)emonio
1978 4939 2035 4975 Ω.
2100 4930 2144 4985 7,
2169 4931 2200 4972 8
2229 4929 2308 4976 hic
2338 4930 2486 4976 alieni
2517 4934 2568 4976 et
2599 4930 2807 4975 fortasse
2837 4944 2948 4975 cum
2983 4929 3057 4974 IV
3087 4929 3129 4974 1.
3165 4929 3238 4985 87,
3263 4929 3322 4974 88
3343 4928 3679 4986 coniungendi.
3747 4931 3806 4974 10

584 4938 642 4984 Ω,
667 4931 805 4974 trans

3764 502 3826 552 19

2367 682 2534 732 quam
2558 665 2603 716 si
2626 663 2942 731 perdideris,
2970 664 3092 730 quis
3115 664 3219 715 erit
3242 663 3336 731 qui
3361 664 3497 716 talia
3518 667 3704 716 cantet

2432 730 2586 789 (haec
2611 746 2732 782 mea
2757 730 2920 780 Musa
2944 730 3079 781 leuis
3102 729 3276 794 gloria
3298 745 3498 795 magna
3518 735 3619 781 tua
3641 732 3766 791 est),

2365 796 2461 863 qui
2483 800 2650 861 caput
2672 800 2728 846 et
2751 794 2951 859 digitos
2974 800 3032 845 et
3054 793 3264 845 lumina
3284 795 3440 860 nigra
3498 794 3678 846 uellae

2428 866 2488 912 et
2511 865 2675 912 canat
2697 864 2762 911 ut
2783 859 2997 911 soleant
3019 859 3257 911 molliter
3275 860 3355 911 ire
3482 875 3558 912 es.

2831 1064 2976 1117 XIII
3012 1065 3123 1129 [111
3160 1065 3263 1129 IV]

2362 1180 2487 1231 Non
2512 1183 2596 1231 tot
2620 1179 3004 1231 Achaemeniis
3027 1184 3271 1231 armatur
3291 1180 3540 1233 †etrusca
3561 1178 3800 1244 sagittis,

2251 1262 2376 1297 ram
2424 1245 2634 1313 spicula
2657 1250 2790 1310 quot
2815 1250 2998 1295 nostro
3021 1250 3232 1310 pectore
3257 1245 3378 1296 fixit
3403 1244 3586 1295 Amor.

2358 1309 2445 1360 hie
2471 1327 2556 1360 me
2581 1315 2694 1359 tam
2719 1309 2946 1373 graciles
2970 1309 3152 1361 uetuit
3175 1314 3519 1361 contemnere
3543 1310 3750 1369 MusaS,

2422 1375 2586 1425 iussit
2609 1379 2666 1425 et
2691 1374 2984 1424 Ascraeum
3010 1374 3086 1424 sic
3110 1374 3356 1424 habitare
3380 1389 3588 1435 nemus„

2358 1454 2465 1489 non
2492 1443 2554 1489 ut
2580 1439 2789 1489 Pieriae
2813 1454 3040 1503 quercus
3065 1454 3187 1490 mea
3212 1438 3377 1489 uerba
3399 1442 3716 1504 sequantur,
3790 1448 3818 1501 5

2422 1509 2522 1554 aut
2546 1504 2746 1569 possim
2774 1502 3002 1554 Ismaria
3025 1503 3220 1553 ducere
3243 1502 3390 1553 ualle
3413 1503 3572 1563 feras,

2358 1568 2453 1619 sed
2478 1568 2651 1633 magis
2676 1572 2741 1618 ut
2764 1573 2949 1618 nostro
2971 1567 3230 1633 stupefiat
3255 1567 3495 1633 Cynthia
3519 1581 3697 1630 uersu,

2422 1638 2555 1683 tunc
2578 1649 2677 1697 ego
2700 1633 2801 1683 sim
2829 1632 3052 1683 Inachio
3076 1632 3252 1682 notior
3274 1639 3392 1683 arte
3417 1632 3569 1683 Lino.

2356 1712 2465 1749 non
2489 1713 2588 1763 ego
2610 1714 2729 1748 sum
2753 1697 2958 1747 formae
2981 1702 3198 1747 tantum
3225 1697 3451 1748 mirator
3472 1697 3750 1757 honestae,

2424 1778 2523 1812 nec
2546 1762 2705 1826 siqua
2726 1761 2967 1812 illustres
2992 1761 3196 1812 femina
3218 1762 3393 1813 iactat
3416 1777 3548 1812 auos
3571 1782 3584 1813 τ

2356 1842 2443 1877 me
2467 1826 2625 1877 iuuet
2647 1827 2702 1876 in
2729 1827 2932 1892 gremio
2956 1825 3146 1877 doctae
3170 1825 3364 1891 legisse
3388 1825 3620 1892 puellae,

2420 1890 2645 1942 auribus
2667 1898 2726 1942 et
2749 1891 2897 1956 puris
2920 1891 3126 1956 scripta
3148 1890 3400 1955 probasse
3424 1907 3560 1941 mea.

2354 1956 2458 2006 hoc
2480 1955 2573 2005 ubi
2597 1955 2901 2020 contigerit,
2931 1954 3113 2021 populi
3137 1954 3363 2006 confusa
3386 1955 3572 2006 ualeto

2421 2020 2612 2071 fabula
2634 2040 2645 2070 :
2683 2036 2808 2070 nam
2834 2019 3054 2070 domina
3079 2019 3256 2071 iudice
3281 2024 3437 2071 tutus
3460 2037 3565 2071 ero,

2354 2101 2498 2152 quae
2522 2085 2569 2135 si
2593 2083 2733 2135 forte
2758 2085 2926 2135 bonas
2951 2085 3018 2135 ad
3045 2101 3230 2150 pacem
3255 2085 3483 2136 uerterit
3506 2100 3681 2147 aurea,

2419 2166 2638 2217 possum
2662 2149 2979 2201 inimicitias
3004 2155 3134 2200 tunc
3157 2165 3257 2216 ego
3280 2149 3416 2201 ferre
3443 2150 3604 2201 Iouis.

3762 1775 3821 1812 10

3758 2096 3815 2150 ¹5

2811 2348 3007 2423 Qum
3030 2353 3141 2417 [111
3168 2353 3243 2417 v]
3269 2346 3304 2399 ί

2355 2469 2822 2584 Ωιιαηάοοιιιιιιιᾳιιο
2877 2469 3048 2535 igitur
3101 2472 3315 2521 nostros
3388 2485 3530 2522 mors
3594 2469 3815 2524 claudet

2550 2551 2642 2585 oce
2688 2551 2747 2584 os

2417 2599 2602 2675 accipe
2624 2574 2765 2664 quae
2788 2614 2970 2649 semes
2994 2597 3200 2649 funeris
3223 2603 3352 2649 acta
3373 2599 3498 2651 mei.

2290 2675 2317 2729 5
2354 2680 2453 2715 nec
2478 2663 2610 2713 mihi
2637 2669 2768 2713 tuuc
2792 2662 2965 2713 fulcro
2987 2667 3267 2713 sternatur
3289 2662 3462 2715 lectus
3486 2664 3708 2727 eburn0,
3750 2681 3808 2718 21

2287 2731 2318 2780 6
2417 2744 2516 2779 nec
2539 2729 2614 2779 sit
2637 2728 2693 2778 in
2719 2726 2965 2778 Attalico
2988 2744 3130 2778 mors
3154 2744 3274 2778 mea
3298 2728 3430 2779 nixa
3452 2735 3571 2780 toro
3592 2748 3605 2789 ς
3752 2746 3814 2781 22

2288 2807 2317 2858 3
2352 2808 2450 2845 nec
2475 2809 2597 2843 mea
2619 2798 2751 2843 tunc
2775 2792 2937 2867 longa
2958 2792 3226 2857 spatietur
3247 2792 3485 2857 imagine
3507 2810 3722 2860 pompa,
3756 2810 3814 2858 19

2418 2873 2515 2907 nec
2540 2857 2674 2907 tuba
2696 2858 2769 2907 sit
2793 2856 2894 2907 fati
2920 2872 3067 2907 uana
3089 2856 3308 2922 querela
3332 2858 3438 2908 mei
3458 2877 3472 2917 ς
3747 2874 3813 2911 20

2289 2935 2316 2987 7
2352 2921 2494 2973 desit
2518 2921 2795 2972 odoriferis
2818 2920 2949 2971 ordo
2973 2921 3106 2971 mihi
3131 2921 3394 2986 lan-cibus,
3421 2922 3608 2975 adsint

2415 2986 2591 3053 plebei
2615 3001 2817 3051 paruae
2840 2985 3045 3036 funeris
3068 2985 3348 3051 exequiae.

2349 3058 2437 3102 sat
2462 3067 2583 3101 mea
2607 3051 2683 3101 sic
2708 3055 2973 3116 magnast,
3001 3050 3046 3100 si
3072 3055 3180 3101 tres
3204 3051 3319 3101 sint
3342 3066 3540 3117 pompa
3564 3051 3753 3115 libelli,

2260 3130 2319 3167 10
2415 3131 2551 3181 quos
2574 3132 2673 3181 ego
2698 3114 3071 3180 Persephonae
3097 3114 3338 3165 maxima
3360 3115 3506 3166 dona
3528 3116 3715 3170 feram.
3746 3119 3810 3168 26

2350 3185 2413 3231 tu
2437 3197 2568 3231 uero
2593 3179 2798 3230 nudum
2826 3184 3014 3245 pectus
3039 3178 3277 3230 lacerata
3300 3182 3557 3245 sequeris,

2414 3261 2513 3297 nec
2537 3244 2703 3296 fueris
2730 3260 2923 3296 nomen
2947 3243 3095 3295 lassa
3118 3259 3310 3296 uocare
3334 3260 3533 3307 meum,

2347 3310 2641 3376 osculaque
2664 3310 2719 3360 in
2745 3310 2938 3376 gelidis
2962 3325 3126 3375 pones
3149 3326 3402 3376 suprema
3424 3311 3655 3374 labellis,

2412 3392 2536 3426 cum
2560 3375 2784 3426 dabitur
2802 3375 2958 3441 Syrio
2983 3390 3205 3426 munere
3231 3374 3422 3440 plenus
3444 3391 3606 3441 onyx.
3747 3391 3811 3442 30

2256 3452 2314 3506 ις
2348 3440 2562 3501 deinde,
2590 3439 2684 3490 ubi
2709 3439 3024 3505 subpositus
3047 3439 3281 3490 cinerem
3307 3455 3392 3490 me
3417 3439 3608 3492 fecerit
3631 3441 3806 3505 ardor,

2412 3505 2646 3580 accipiat
2671 3505 2862 3555 Manoe
2888 3504 3119 3568 paruula
3142 3509 3288 3554 testa
3310 3520 3484 3563 meos;

2348 3573 2405 3621 et
2428 3570 2505 3620 sit
2527 3585 2583 3619 ιιι
2607 3569 2805 3633 exiguo
2830 3569 3015 3618 laurus
3039 3584 3201 3633 super
3223 3568 3416 3619 addita
3439 3568 3601 3621 busto

2413 3650 2555 3699 quae
2580 3638 2733 3698 tegat
2755 3632 2987 3683 extincti
3010 3632 3215 3683 funeris
3239 3632 3435 3683 umbra
3457 3633 3634 3684 locum
3656 3652 3671 3695 ς

2347 3703 2405 3750 et
2434 3698 2544 3749 duo
2573 3697 2687 3748 sint
2718 3713 2937 3749 uersus:
2993 3708 3094 3757 QVI
3128 3708 3291 3748 nvnc
3326 3709 3501 3748 1Acs'r
3536 3710 3809 3750 nomunA

2543 3773 2753 3813 PVLVIS

2412 3838 2592 3877 VNIVS
2617 3839 2718 3877 mc
2742 3837 3036 3886 QVONDAM
3061 3836 3281 3877 SERVVS
3307 3836 3531 3877 AMORIS
3557 3777 3804 3879 ΕΒΑΤ.35

2347 3907 2445 3943 nec
2470 3892 2651 3942 minus
2675 3891 2806 3941 haec
2830 3890 2999 3941 nostri
3024 3894 3267 3941 notescet
3289 3890 3439 3941 fama
3460 3892 3751 3967 sepulchri,

2411 3972 2576 4021 quarn
2601 3955 2820 4006 fuerant
2847 3954 3035 4006 Phthii
3057 3954 3221 4005 busta
3242 3960 3469 4007 cruenta
3492 3957 3611 4006 uiri.

2347 4024 2408 4072 ιιι
2434 4036 2651 4087 quoque
2675 4020 2720 4071 si
2746 4019 2963 4134 quando
2985 4020 3173 4070 uenies
3196 4019 3265 4070 ad
3289 4019 3421 4080 fata,
3449 4026 3763 4085 (memento)

2409 4085 2512 4135 hoc
2535 4085 2642 4136 iter
2664 4084 2734 4135 ad
2781 4084 2969 4149 apides
2991 4099 3129 4135 cana
3152 4084 3279 4135 ueni
3304 4100 3582 4137 memores.
3740 4103 3806 4150 40

2250 4162 2310 4216 25
2345 4150 2556 4200 interea
2578 4165 2711 4200 caue
2735 4149 2810 4199 sis
2833 4165 2930 4199 nos
2954 4153 3244 4214 aspernata
3267 4149 3507 4214 sepultos
3530 4171 3542 4201 ε

2410 4213 2658 4265 nonnihil
2682 4214 2752 4265 ad
2778 4229 2966 4264 uerum
2990 4213 3204 4264 conscia
3229 4218 3374 4264 terra
3397 4214 3555 4280 sapit.

2345 4284 2516 4354 atque
2539 4279 2752 4329 utinam
2778 4278 2966 4344 primia
2990 4278 3231 4328 animam
3255 4295 3341 4329 me
3364 4294 3562 4344 ponere
3584 4279 3740 4331 cunis

2408 4343 2658 4394 iussisset
2681 4344 2909 4409 quaeuis
2933 4341 3001 4394 do
3023 4342 3200 4393 tribus
3224 4359 3336 4394 una
3357 4359 3504 4394 soror
3527 4351 3538 4395 !

2344 4424 2473 4459 nam
2498 4425 2607 4474 quo
2629 4413 2742 4458 tam
2767 4408 2966 4458 dubiae
2989 4413 3237 4459 seruetur
3259 4408 3483 4473 spiritus
3507 4408 3709 4460 horae?
3741 4421 3805 4475 45

2249 4488 2313 4539 30
2412 4472 2659 4523 Nestoris
2683 4477 2768 4524 est
2790 4473 2942 4523 nisus
2967 4477 3088 4537 post
3112 4472 3219 4522 tria
3239 4472 3419 4523 saecla
3440 4472 3577 4524 cinis
3598 4493 3611 4525 ε

2344 4538 2433 4588 cui
2458 4539 2509 4587 si
2529 4537 2830 4602 longaeuae
2854 4537 3138 4587 minuisset
3161 4536 3280 4587 fata
3301 4543 3552 4589 senectae

2410 4601 2656 4652 Gallicus
2683 4602 2864 4652 Iliacis
2888 4600 3044 4652 miles
3066 4601 3122 4652 in
3148 4601 3451 4666 aggeribus,

2343 4682 2453 4718 non
2481 4666 2575 4717 ille
2600 4665 2877 4716 Antilochi
2904 4666 3135 4717 uidisset
3157 4682 3246 4715 cor
3287 4683 3350 4716 us
3374 4665 3606 4726 humari,

2410 4731 2615 4782 diceret
2638 4737 2738 4782 aut
2765 4736 2779 4759 ‘
2795 4747 2828 4781 o
2852 4731 3017 4792 Mors,
3045 4747 3141 4781 cur
3164 4730 3234 4781 m’
3282 4730 3294 4741 “
3320 4746 3441 4782 sera
3463 4730 3684 4783 uenis?
3742 4744 3806 4796 50

2251 3841 2317 3878 20

3230 4871 3258 4914 1
3289 4870 3378 4916 Est
3407 4871 3470 4916 D.
3536 4871 3566 4914 2
3584 4875 3628 4916 et
3649 4884 3800 4928 camp.

581 5001 718 5033 nunc
737 4987 786 5033 N
805 4943 865 5041 ἓ,
892 5001 1100 5045 namque
1120 4987 1167 5032 D
1184 4987 1238 5043 F,
1267 4989 1455 5090 ἰαᾞιιε
1475 5003 1522 5033 τ.
1587 4988 1645 5031 11
1674 4990 1845 5033 anima
1867 4997 1925 5043 Ω,
1946 5002 2066 5033 corr.
2093 4988 2263 5035 Heins.
2303 4991 2518 5035 camnine
2540 5001 2576 5036 Δ
2595 4990 2640 5035 N
2663 4988 2771 5035 edd.
2797 4988 2943 5034 multi
2963 4991 3022 5034 ut
3041 5002 3153 5033 cum
3174 4989 3353 5033 humili
3370 4988 3683 5045 coniungant.
3748 4990 3807 5033 13

582 5047 745 5092 timeri
766 5045 949 5092 malim.
1014 5047 1074 5089 14
1101 5047 1326 5092 metuisse

1412 5045 1444 5091 d
1465 5060 1581 5103 mg„
1614 5047 1830 5092 timuisse
1856 5061 1998 5103 vmg.
2064 5048 2123 5090 16
2153 5049 2263 5105 quie
2293 5057 2351 5094 Ω.
2416 5049 2476 5091 22
2506 5049 2598 5093 hac
2628 5048 2667 5093 F
2683 5049 2747 5094 N.
2810 5048 2869 5091 23
2895 5049 2952 5092 in
2981 5062 3030 5093 a.
3066 5047 3190 5102 Birt,
3217 5060 3408 5092 carmen
3439 5056 3497 5103 Ω,
3532 5048 3722 5092 culmen
3753 5065 3800 5094 τ.

582 5105 641 5149 25
683 5107 859 5151 etenim
900 5104 1078 5150 Nodell
1117 5105 1180 5150 al.
1244 5103 1314 5148 xl
1354 5105 1524 5150 multis
1564 5104 1896 5162 fmgmentum
1938 5105 2150 5152 uidetur.
2216 5107 2243 5149 1
2274 5108 2352 5153 uel
2382 5117 2441 5163 Ω,
2482 5121 2543 5152 ue
2583 5107 2637 5153 F.
2702 5108 2731 5150 ³
2773 5120 2929 5152 secum
2971 5123 3016 5151 τ.
3082 5108 3112 5149 δ
3156 5106 3235 5150 hic
3271 5115 3314 5150 Ω
3355 5108 3407 5150 et
3445 5123 3502 5161 μ,
3545 5106 3660 5151 haec
3695 5106 3808 5153 Birt

580 5176 693 5209 cum
714 5178 764 5209 ιι.
886 5162 980 5206 111
1011 5165 1038 5207 1

1225 5177 1288 5209 m.
1329 5165 1525 5220 primus
1547 5163 1599 5209 F.
1665 5164 1694 5207 8
1714 5164 1793 5210 hic
1814 5164 1866 5210 F.
1932 5165 1960 5208 8
1990 5165 2127 5210 haud
2159 5179 2291 5210 uano
2323 5166 2517 5220 Nodell,
2543 5166 2759 5211 humano
2781 5174 2838 5210 Ω.
2902 5165 2947 5219 7,
2972 5165 3002 5208 8
3021 5164 3107 5210 uix

3127 5164 3248 5220 sani,
3274 5164 3511 5210 Fonteiae
3530 5178 3660 5209 aura
3682 5168 3733 5210 et
3753 5166 3805 5211 in

579 5223 611 5266 8
641 5223 816 5267 umbra
847 5221 1023 5268 Baehr.
1062 5177 1292 5268 mr&
1320 5222 1449 5270 latet.
1514 5223 1572 5266 11
1604 5227 1777 5268 tectum
1810 5222 1977 5269 Burm.
2044 5223 2102 5267 12
2133 5225 2226 5269 erit
2247 5224 2293 5269 D
2311 5225 2363 5270 F.
2429 5226 2488 5268 16
2520 5225 2614 5269 heu
2648 5224 2888 5278 Muretus,
2914 5238 2938 5268 e
2960 5223 3003 5268 Ο
3024 5222 3069 5278 (d
3086 5223 3132 5268 N
3139 5221 3168 5278 ),
3203 5237 3236 5267 a
3264 5222 3438 5269 Baehr.
3504 5223 3563 5267 18
3588 5237 3714 5280 puer
3743 5233 3801 5281 Ω,

578 5296 698 5326 corr.
711 5295 757 5326 v.
804 5282 897 5326 tela
913 5286 1001 5326 tua
1016 5297 1063 5336 τ,
1075 5281 1242 5338 puella
1256 5285 1338 5327 tuo
1351 5291 1410 5327 Ω.

1503 5279 1621 5324 xm
1634 5282 1661 5324 1
1676 5281 1965 5327 achimeniis
1978 5291 2036 5327 Ω.
2081 5287 2348 5328 armantur
2363 5283 2421 5330 Ο.
2468 5283 2691 5328 Eruthra
2709 5282 2934 5337 Housm„
2955 5287 3218 5328 armantur
3232 5282 3357 5329 Susa
3377 5280 3505 5326 Itali.
3560 5282 3620 5324 12
3633 5286 3805 5339 pueris

579 5339 619 5385 F
635 5340 682 5385 N
700 5340 762 5385 V.
827 5340 885 5383 18
905 5340 991 5385 hoc
1006 5340 1206 5396 Santen,
1231 5340 1346 5385 haec
1364 5349 1420 5385 Ω.
1466 5341 1755 5396 contiyert’nt
1787 5340 1826 5385 F
1842 5340 1903 5386 N.
1970 5341 2027 5384 16
2044 5343 2095 5385 et
2111 5342 2169 5384 17
2185 5340 2496 5388 cohaerentia
2511 5341 2563 5386 in
2580 5343 2623 5387 O
2640 5344 2928 5399 separarunt
2950 5340 3310 5398 Hemsterhuys
3331 5344 3382 5385 et
3404 5339 3658 5387 Schrader.
3724 5342 3799 5398 21,

578 5399 640 5442 22
669 5400 782 5457 post
802 5399 861 5442 18
881 5401 1017 5444 trans
1054 5433 1065 5444 .
1087 5398 1225 5444 Otto.
1290 5399 1351 5441 24
1378 5399 1480 5444 obse
1550 5401 1624 5444 iae
1644 5399 1683 5444 F
1700 5399 1746 5444 N
1764 5397 1867 5453 (sed
1889 5413 2008 5445 corr.
2030 5397 2132 5454 N¹).
2198 5400 2257 5443 25
2286 5402 2356 5446 sic
2376 5401 2572 5456 Baehr.,
2591 5402 2654 5445 sit
2671 5409 2730 5455 Ω,
2751 5405 2827 5446 sat
2845 5416 2892 5445 τ.
2938 5404 3004 5444 est
3021 5398 3132 5444 add.
3161 5416 3208 5456 τ,
3235 5404 3295 5445 -st
3316 5399 3491 5445 Baebr.

1457 5413 1664 5503 aguam.
1685 5461 1817 5503 recte
1833 5460 1891 5502 ut
1906 5457 2006 5504 uid.
2070 5458 2129 5502 89
2149 5458 2325 5515 adfata
2343 5459 2548 5504 Housm.
2575 5459 2766 5516 passiue
2787 5457 3134 5516 accipiendum.
3200 5458 3259 5501 46
3281 5460 3443 5503 iussus
3468 5466 3521 5503 Δ.
3585 5459 3645 5501 4⁷
3666 5460 3748 5503 cui
3760 5461 3806 5505 εἰ

579 5460 676 5503 eris
696 5456 951 5514 Rooeberg.
1085 5457 1149 5514 su
1156 5470 1268 5503 nere
1319 5471 1435 5503 uam

579 5515 845 5570 Liuineius,

3555 5400 3614 5442 28
3645 5405 3699 5445 tu
3720 5415 3804 5446 nec

884 5517 995 5573 quis
1030 5524 1088 5560 Ω.
1145 5521 1246 5561 tam
1302 5530 1361 5561 ex
1397 5515 1475 5572 45)
1512 5516 1637 5572 lona.
1678 5525 1736 5563 Ω.
1792 5518 2084 5562 meminisset
2126 5527 2180 5573 Δ,
2220 5520 2490 5563 iuravisset
2524 5518 2577 5563 F.
2657 5518 2718 5561 48
2753 5518 2975 5562 Gallicus
3008 5519 3293 5574 corruptum
3329 5519 3387 5561 ut
3422 5515 3542 5570 uid„
3580 5519 3806 5562 eaerulus

579 5574 597 5631 (
619 5593 669 5611 =
689 5574 942 5631 Memnon)
962 5573 1144 5632 Naeke,
1168 5576 1444 5633 praestaret
1463 5575 1596 5621 Ilius
1617 5574 1727 5632 (hoc
1751 5574 2205 5632 1ach.)Ar901ieis,
2229 5576 2292 5622 cf.
2319 5577 2467 5623 Hom.
2495 5575 2553 5623 11.
2579 5576 2622 5623 8.
2647 5576 2707 5622 80
2727 5589 2830 5634 sqq.
2895 5577 2956 5620 4⁹
2977 5576 3059 5622 ille
3079 5590 3172 5622 om.
3199 5574 3261 5632 N,
3287 5574 3418 5620 unde
3438 5579 3527 5621 aut
3548 5575 3770 5623 Mueller.

3749 2939 3812 2989 23
3899 2930 3924 2974 ἰ
