4890 6561
1072 492 1140 542 20
2173 484 2342 537 SEX.
2397 482 2788 541 PROPERTI
2828 482 2976 534 LIB.
3021 480 3094 533 II
3131 481 3276 546 [ΙΙΙ]

1074 666 1136 720 35
1172 657 1235 707 tu
1258 656 1441 707 tamen
1464 652 1664 706 amisso
1686 667 1795 703 non
1818 665 2117 716 numquam
2142 649 2295 701 flebis
2317 648 2527 701 amico:

1237 718 1321 769 fas
1343 722 1429 769 est
1450 717 1770 793 praeteritos
1793 732 2004 781 semper
2024 731 2210 767 amare
2232 714 2394 765 uiros,

1172 782 1349 844 testis,
1376 799 1465 833 cui
1488 782 1712 834 niueum
1734 781 2008 848 quondam
2033 780 2299 846 percussit
2322 779 2573 830 Adonem

1238 852 1529 906 uenantem
1556 846 1731 898 Idalio
1753 846 1957 897 uertice
1980 845 2150 895 durus
2172 861 2206 895 a
2245 861 2317 895 er.

1172 911 1283 963 illis
1304 911 1570 962 formosus
1592 912 1822 963 iacuisse
1846 909 2155 977 paludibus,
2187 909 2198 920 ⁰
2248 924 2315 960 uc
2567 918 2628 974 55

1074 992 1141 1040 40
1237 976 1431 1027 diceris
1455 978 1627 1027 effusa
1647 981 1729 1037 tu,
1757 975 1963 1035 Venus,
1990 974 2097 1025 isse
2120 990 2289 1025 coma.

1173 1041 1267 1093 sed
1290 1041 1493 1092 frustra
1515 1046 1696 1091 mutos
1719 1040 2013 1099 reuocabis,
2042 1038 2300 1105 Cynthia,
2327 1038 2555 1089 Manes:

1238 1122 1368 1158 nam
1391 1122 1514 1158 mea
1534 1105 1666 1173 quid
1689 1110 1947 1171 poterunt
1968 1120 2091 1155 ossa
2113 1103 2329 1154 minuta
2350 1102 2535 1169 loqui?

1646 1305 1787 1357 X1v
1820 1305 1931 1370 [111
1965 1305 2070 1369 v1]

1176 1421 1300 1474 Non
1324 1421 1408 1473 ita
1430 1420 1709 1472 Dardanio
1731 1420 1954 1487 gauisus
1978 1419 2177 1471 Atrida
2198 1416 2476 1483 triumpho
2497 1421 2600 1480 est,

1239 1503 1364 1537 cum
1385 1486 1641 1537 caderent
1664 1501 1895 1551 magnae
1920 1484 2309 1535 Laumedontis
2332 1498 2478 1550 opeS,

1175 1567 1275 1604 nec
1296 1551 1373 1602 sic
1396 1566 1572 1602 errore
1594 1557 1791 1602 exacto
1815 1550 2055 1601 laetatus
2080 1548 2289 1610 Vlixes,

1244 1632 1369 1667 cum
1393 1616 1579 1681 tetigit
1600 1631 1758 1666 carae
1782 1615 1946 1666 litora
1971 1613 2280 1674 Dulichiae,

1176 1697 1274 1732 nec
1298 1681 1375 1731 sic
1400 1680 1632 1740 Electra,
1658 1679 1873 1731 saluum
1897 1695 2020 1730 cum
2044 1678 2260 1744 aspexit
2284 1676 2532 1743 Oresten,
2604 1687 2631 1741 5

1240 1745 1396 1797 cuius
1418 1744 1560 1795 falsa
1580 1751 1774 1796 tenens
1799 1745 2024 1795 fleuerat
2047 1759 2169 1794 ossa
2192 1759 2357 1804 soror,

1175 1826 1274 1861 nec
1296 1810 1372 1861 sic
1394 1810 1717 1861 incolumem
1744 1810 1945 1861 Minois
1969 1809 2180 1860 Thesea
2196 1807 2356 1869 uidit,

1241 1875 1572 1926 Daedalium
1595 1875 1709 1925 lino
1731 1891 1854 1926 cum
1879 1874 2015 1924 duce
2038 1873 2180 1925 rexit
2204 1872 2325 1934 iter,

1176 1945 1388 2005 quanta
1409 1956 1509 2005 ego
1532 1940 1826 2006 praeterita
1847 1938 2038 2003 collegi
2060 1937 2265 2003 gaudia
2287 1940 2444 1987 nocte
2466 1956 2479 1988 ε

1240 2004 1545 2055 inmortalis
1568 2021 1674 2065 ero,
1701 2004 1746 2054 si
1770 2003 1947 2054 altera
1969 2002 2099 2054 talis
2120 2002 2236 2053 erit.
2576 2014 2637 2051 10

1176 2075 1236 2120 at
1259 2069 1388 2119 dum
1413 2069 1660 2120 demissis
1683 2068 1913 2135 supplex
1935 2066 2235 2118 ceruicibus
2258 2067 2425 2128 ibam,

1240 2134 1459 2195 dicebar
1480 2134 1621 2185 sicco
1644 2132 1803 2184 uilior
1825 2149 1943 2184 esse
1966 2131 2104 2183 lacu.

1176 2214 1275 2250 nec
1299 2198 1435 2249 mihi
1457 2199 1567 2249 iam
1591 2198 1768 2249 fastus
1790 2213 2056 2263 opponere
2078 2196 2293 2262 quaerit
2316 2195 2550 2261 iniquos,

1242 2279 1342 2314 nec
1364 2263 1499 2314 mihi
1524 2262 1759 2328 ploranti
1784 2262 1933 2313 lenta
1954 2261 2139 2312 sedere
2160 2266 2354 2327 potest.

1176 2332 1343 2393 atque
1366 2327 1579 2378 utinam
1604 2344 1711 2377 non
1735 2333 1852 2377 tam
1875 2342 1992 2377 sero
2014 2326 2150 2375 mihi
2172 2330 2305 2376 nota
2326 2324 2523 2375 fuisset
2578 2337 2597 2374 ι
2607 2335 2635 2389 5

1243 2391 1486 2441 condicio
1511 2397 1520 2441 !
1557 2391 1724 2442 cineri
1748 2407 1891 2440 nunc
1915 2390 2183 2441 medicina
2205 2388 2382 2440 datur.

1180 2461 1310 2507 ante
1402 2456 1496 2506 des
1519 2455 1692 2506 caecis
1716 2454 1934 2506 lucebat
1956 2454 2154 2504 semita
2175 2453 2364 2506 nobis:

1243 2521 1321 2570 sci
1364 2526 1450 2571 cet
1473 2520 1665 2570 insano
1689 2534 1847 2569 nemo
1870 2519 1926 2569 in
1949 2533 2131 2569 amore
2155 2518 2323 2569 uidet.

1178 2584 1278 2635 hoc
1300 2584 1445 2635 sensi
1458 2584 1717 2660 prodesse
1739 2583 1914 2647 magis
1937 2604 1948 2634 ε
1974 2583 2326 2644 contemnite,
2352 2586 2602 2634 amantes
2625 2601 2637 2632 :

1246 2649 1322 2700 sic
1346 2649 1506 2701 hodie
1530 2650 1717 2700 ueniet
1738 2649 1898 2714 siqua
1920 2648 2146 2713 negauit
2168 2647 2297 2698 heri.
2578 2662 2643 2698 20

1182 2714 1477 2780 pulsabant
1498 2714 1593 2765 alii
1617 2714 1820 2765 frustra
1843 2713 2227 2779 dominamque
2250 2711 2524 2763 uocabant
2545 2732 2558 2763 ε

1246 2795 1457 2830 mecum
1479 2779 1676 2830 habuit
1699 2779 1935 2845 positum
1959 2778 2110 2829 lenta
2129 2777 2316 2854 puella
2338 2782 2521 2843 caput.

1179 2844 1314 2896 haec
1338 2844 1473 2895 mihi
1495 2844 1727 2895 deuictis
1750 2844 1927 2910 potior
1949 2843 2180 2894 uictoria
2205 2841 2422 2893 Parthis
2441 2861 2458 2902 ;

1245 2909 1379 2961 haec
1401 2910 1591 2975 spolia,
1609 2909 1743 2960 haec
1761 2925 1816 2959 re
1855 2925 1929 2967 es,
1947 2908 2081 2959 haec
2104 2906 2240 2957 mihi
2256 2922 2444 2957 currus
2461 2909 2636 2956 erunt.

1180 2990 1381 3039 magna
1403 2991 1503 3039 ego
1526 2974 1669 3024 dona
1693 2979 1790 3024 tua
1850 2989 1994 3039 gam,
2022 2972 2309 3037 Cytherea,
2335 2970 2606 3031 columna,

1247 3039 1464 3104 taleque
1487 3039 1590 3089 sub
1612 3043 1797 3089 nostro
1820 3038 2037 3088 nomine
2059 3052 2275 3088 carmen
2297 3035 2436 3088 erit:
2579 3036 2644 3084 26

1181 3115 1299 3155 HAS
1334 3115 1491 3155 PONO
1527 3115 1689 3155 ANTE
1723 3114 1890 3154 TVAM
1926 3113 2048 3153 'r1131
2084 3112 2231 3152 D1VA
2277 3111 2643 3152 PROPERTIVS

1377 3179 1587 3219 AEDEM

1250 3245 1509 3285 Exvvlas
1532 3243 1688 3284 TOTA
1712 3243 1906 3283 NOCTE
1929 3241 2227 3282 RECEPTVS
2250 3241 2476 3282 AMANS.

1184 3301 1359 3365 (nunc
1381 3298 1437 3349 in
1463 3304 1536 3358 te,
1564 3313 1685 3348 mea
1708 3297 1822 3356 lux,
1851 3297 2040 3347 ueniat
2062 3311 2185 3347 mea
2206 3295 2370 3346 litora
2391 3294 2552 3346 nauis

1244 3367 1482 3421 seruata,
1510 3378 1582 3413 an
1606 3361 1799 3411 mediis
1823 3360 1971 3410 sidat
1994 3359 2233 3410 honusta
2256 3359 2428 3410 uadis.
2578 3372 2645 3423 30

1180 3428 1325 3495 quod
1350 3427 1396 3477 si
1420 3426 1561 3477 forte
1584 3425 1772 3491 aliqua
1795 3424 1948 3475 nobis
1971 3424 2253 3475 mutabere
2271 3423 2450 3489 culpa,

1250 3491 1586 3544 uestibulum
1610 3490 1819 3542 iaceam
1841 3493 2092 3541 mortuus
2113 3492 2243 3541 ante
2265 3488 2480 3554 tuum.)

1643 3697 1751 3749 XV
1784 3698 1896 3761 [ΙΙΙ
1932 3697 2076 3760 VII]

1183 3812 1230 3864 Ο
1255 3827 1341 3862 me
1363 3810 1575 3861 felicem
1602 3815 1612 3862 l
1649 3826 1757 3860 nox
1780 3825 1813 3860 o
1835 3809 1969 3861 mihi
1992 3807 2244 3869 candida,
2269 3812 2325 3859 et
2347 3823 2379 3860 o
2403 3811 2468 3860 tu

1247 3875 1447 3926 lectule
1470 3874 1678 3926 deliciis
1701 3874 1846 3925 facte
1870 3874 2028 3925 beate
2051 3873 2185 3923 meis
2210 3878 2220 3924 l

1182 3957 1348 4008 quam
1372 3939 1549 3990 multa
1570 3939 1639 3990 ad
1712 3939 1821 3990 sita
1844 3954 2124 3989 narramus
2148 3937 2316 3990 uerba
2337 3937 2576 4001 lucerna,

1247 4012 1566 4071 quantaque
1588 4021 1652 4054 su
1691 4003 1805 4054 lato
1828 4003 2033 4054 lumine
2057 4002 2177 4053 rixa
2199 4003 2305 4054 fuit
2327 4009 2338 4055 2

1185 4086 1311 4122 nam
1337 4069 1495 4120 modo
1520 4069 1743 4120 nudatis
1766 4084 1974 4119 mecum
1999 4073 2083 4119 est
2107 4067 2318 4119 luctata
2341 4067 2577 4135 papillis,
2618 4080 2645 4134 5

1247 4134 1521 4185 interdum
1546 4134 1733 4184 tunica
1755 4132 1917 4183 duxit
1933 4138 2123 4198 operta
2145 4149 2365 4184 moram.

1181 4198 1281 4251 illa
1302 4214 1449 4249 meos
1471 4213 1659 4248 somno
1681 4197 1861 4263 lapsos
1884 4196 2143 4261 patefecit
2166 4196 2362 4248 ocellos

1248 4279 1338 4313 ore
1361 4279 1461 4312 suo
1483 4266 1541 4311 et
1562 4261 1708 4312 dixit
1734 4265 1747 4286 ‘
1764 4261 1947 4322 sicine,
1975 4261 2143 4321 lente,
2169 4261 2351 4312 iaces?
2370 4260 2382 4283 '

1185 4343 1350 4394 quam
1386 4325 1541 4376 uario
1573 4324 1831 4390 amplexu
1853 4329 2132 4376 mutamus
2154 4324 2441 4377 bracchia!
2478 4341 2646 4392 quan-

1380 4395 1502 4441 tum

1248 4455 1435 4506 oscula
1456 4460 1586 4506 sunt
1608 4453 1773 4506 labris
1796 4456 1983 4505 nostra
2004 4458 2219 4505 morata
2239 4452 2351 4504 tuis
2376 4458 2386 4505 l
2591 4469 2651 4505 10

1183 4537 1291 4573 non
1315 4521 1474 4571 iuuat
1498 4520 1554 4571 in
1576 4535 1736 4571 caeco
1759 4519 2025 4571 Venerem
2047 4534 2385 4585 corrumpere
2408 4522 2563 4570 motu
2585 4539 2597 4571 ι

1251 4586 1296 4636 si
1321 4585 1512 4646 nescis,
1540 4584 1683 4637 oculi
1705 4589 1835 4636 sunt
1856 4584 1913 4634 in
1938 4600 2119 4635 amore
2142 4583 2323 4634 duces.

1181 4651 1297 4718 ipse
1322 4651 1475 4702 Paris
1496 4650 1647 4701 nuda
1668 4649 1841 4701 fertur
1862 4649 2084 4715 periisse
2107 4649 2373 4711 Lacaena,

1249 4732 1373 4768 cum
1398 4715 1682 4767 Menelaeo
1703 4720 1950 4781 surgeret
1972 4731 2002 4766 e
2025 4712 2286 4777 thalamo,

2731 646 2912 699 nudus
2933 650 2989 698 et
3013 644 3322 712 Endymion
3347 643 3554 696 Phoebi
3577 642 3782 710 cepisse
3806 657 4038 694 sororem
4223 653 4288 711 15

2797 711 3000 762 dicitur
3022 716 3078 762 et
3101 710 3282 761 nudae
3305 709 3657 761 concubuisse
3680 707 3827 759 deae.
4269 728 4276 734 ·

2733 776 2876 843 quod
2901 776 2947 826 si
2969 775 3293 842 pertendens
3315 775 3498 826 animo
3520 773 3728 824 uestita
3748 771 3980 834 cubaris,

2797 841 2967 891 scissa
2988 846 3142 891 ueste
3166 856 3314 891 meas
3337 838 3614 914 experiere
3637 853 3865 888 manus:

2734 905 2867 972 quin
2891 906 3076 966 etiam,
3103 906 3148 955 si
3173 921 3260 955 me
3277 904 3505 955 ulterius
3566 901 3841 953 rouexerit
3865 901 3962 963 ira,

2800 970 3051 1021 ostendes
3076 970 3238 1020 matri
3261 968 3512 1019 bracchia
3554 983 3683 1018 aesa
3705 971 3851 1017 tuae.
4229 979 4293 1015 20

2734 1035 2966 1086 necdum
2990 1033 3286 1085 inclinatae
3307 1033 3595 1100 prohibent
3618 1037 3673 1082 te
3696 1030 3883 1082 ludere
3905 1045 4207 1081 mammae:

2800 1099 3004 1151 uiderit
3025 1098 3158 1150 haec
3181 1099 3394 1164 siquam
3416 1098 3527 1148 iam
3551 1096 3819 1163 peperisse
3843 1096 4027 1162 pudet.

2735 1165 2867 1216 dum
2891 1181 2988 1215 nos
3012 1164 3131 1215 fata
3153 1164 3359 1225 sinunt,
3386 1161 3570 1213 oculos
3593 1161 3857 1212 satiemus
3879 1176 4060 1212 amore
4081 1180 4098 1217 .·.

2801 1246 2909 1280 nox
2935 1229 3036 1280 tibi
3061 1228 3225 1294 longa
3248 1228 3402 1279 uenit
3426 1243 3525 1278 nec
3548 1226 3790 1277 reditura
3811 1225 3940 1277 dies.
4001 1284 4014 1291 ‚
4211 1270 4230 1291 s,
4245 1238 4300 1289 {j

2735 1310 2800 1347 ac
2822 1294 2997 1346 ueluti
3021 1293 3155 1362 folia
3176 1292 3382 1344 arentis
3402 1292 3609 1358 liquere
3631 1289 3878 1354 corollas,
3928 1292 4062 1339 ἕψοι·
4121 1278 4164 1311 Α
4181 1284 4214 1309 ’·
4230 1301 4285 1355 51

2801 1375 2942 1425 quae
2967 1358 3166 1425 passim
3191 1357 3424 1409 calathis
3447 1360 3622 1407 strata
3643 1361 3834 1406 natare
3858 1353 4030 1416 uides,
4076 1370 4218 1391 0⁸22ss
4241 1354 4340 1392 lm<

2736 1424 2814 1475 sic
2836 1423 3008 1484 nobis,
3036 1423 3131 1499 qui
3153 1417 3580 1487 Πιιιιῖῐιιαςῐιωιι
3603 1420 3871 1486 spiramus
3893 1422 4162 1482 amantes,

2800 1488 3028 1539 forsitan
3052 1487 3298 1538 includet
3320 1486 3559 1537 crastina
3580 1484 3698 1536 fata
3719 1484 3850 1535 dies.
4232 1495 4294 1549 54

2736 1558 2800 1606 tu
2823 1552 2997 1613 modo,
3027 1552 3156 1602 dum
3182 1551 3346 1613 lucet,
3373 1550 3611 1601 fructum
3637 1566 3706 1601 ne
3729 1548 3915 1600 desere
3936 1548 4104 1600 uitae.
4231 1563 4297 1610 49

2801 1617 2985 1668 omnia
3007 1617 3053 1667 si
3076 1616 3288 1668 dederis
3311 1615 3514 1676 oscula,
3541 1630 3717 1681 pauca
3738 1613 3910 1666 dabis.
4234 1625 4297 1678 5ο

2737 1687 2897 1744 errat,
2925 1682 3020 1748 qui
3044 1682 3205 1733 finem
3228 1681 3417 1731 uesani
3439 1679 3653 1746 quaerit
3674 1678 3904 1730 amoris:
4234 1692 4297 1740 29

2800 1763 2962 1798 uerus
2985 1763 3137 1797 amor
3160 1745 3372 1796 nullum
3394 1745 3551 1796 nouit
3573 1744 3771 1796 habere
3795 1742 4031 1794 modum.
4234 1756 4299 1807 30

2736 1811 2985 1877 exemplo
3009 1811 3228 1862 iunctae
3252 1811 3354 1861 tibi
3376 1810 3489 1860 sint
3511 1810 3566 1860 in
3590 1824 3773 1860 amore
3797 1808 4097 1872 columbae,
4234 1820 4296 1869 27

2802 1876 3074 1927 masculus
3097 1881 3155 1927 et
3178 1882 3367 1926 notum
3392 1874 3598 1926 femina
3618 1873 3948 1939 coniugium.
4233 1872 4296 1922 28

2737 1946 2904 2007 atque
2926 1941 3138 1992 utinam
3163 1940 3450 1991 haerentes
3471 1939 3548 1989 sic
3571 1955 3669 1989 nos
3692 1938 3896 1989 uincire
3919 1942 4116 1989 catena
4234 1951 4263 1987 2
4268 1948 4296 2001 5

2802 2005 2988 2065 uellet,
3016 2008 3105 2056 uti
3125 2021 3423 2072 numquam
3446 2003 3682 2055 solueret
3705 2002 3821 2054 ulla
3842 2002 3959 2054 dies
3983 2008 3994 2054 2
4236 2004 4299 2054 26

2739 2075 2884 2122 terra
2905 2069 3053 2145 prius
3076 2069 3215 2120 falso
3237 2074 3397 2136 partu
3421 2068 3645 2119 deludet
3667 2072 3905 2131 arantes,
4234 2081 4290 2131 31

2803 2139 2860 2186 et
2881 2141 3044 2186 citius
3067 2134 3121 2185 ni
3144 2151 3247 2184 rros
3271 2134 3362 2185 Sol
3385 2133 3623 2199 agitabit
3645 2148 3829 2198 equos,

2739 2199 3071 2265 fluminaque
3093 2216 3145 2250 a(
3189 2204 3354 2264 caput
3375 2198 3636 2263 incipient
3658 2212 3912 2249 reuocare
3933 2194 4189 2263 liquores,

2804 2264 2988 2315 aridus
3013 2270 3069 2315 et
3092 2264 3231 2315 sicco
3253 2263 3470 2329 gurgite
3495 2262 3655 2328 piscis
3677 2262 3800 2325 erit,

2740 2346 2904 2395 quam
2930 2329 3127 2395 possim
3151 2333 3363 2379 nostros
3385 2328 3494 2379 alio
3516 2326 3810 2378 transferre
3832 2324 4035 2377 calores
4057 2345 4070 2377 ε
4239 2337 4299 2391 35

2806 2394 2969 2445 huius
2992 2410 3084 2444 ero
3106 2394 3288 2453 uiuus,
3317 2397 3567 2444 mortuus
3590 2391 3753 2441 huius
3777 2407 3881 2443 er0.

2742 2458 2886 2525 quod
2911 2458 3043 2508 mihi
3067 2458 3113 2508 si
3138 2458 3344 2508 interea
3367 2457 3508 2508 tales
3530 2456 3819 2507 concedere
3843 2460 4027 2506 noctes

2807 2522 2907 2574 illa
2929 2522 3085 2585 uelit,
3113 2523 3262 2573 uitae
3286 2521 3481 2587 longus
3503 2526 3559 2572 et
3582 2537 3758 2571 annus
3782 2520 3886 2570 erit
3913 2540 3925 2570 ε

2742 2587 2790 2638 si
2815 2587 2969 2638 dabit
2992 2587 3126 2638 haec
3148 2587 3371 2647 multas,
3400 2588 3525 2636 liam
3551 2585 3855 2636 inmortalis
3878 2584 3934 2635 in
3957 2583 4067 2635 illis
4091 2603 4103 2636 ε

2808 2658 2966 2702 nocte
2990 2668 3101 2702 una
3122 2651 3305 2717 quiuis
3329 2650 3419 2701 uel
3442 2650 3577 2701 deus
3601 2666 3717 2701 esse
3742 2654 3936 2715 potest.
4232 2662 4300 2713 40

2745 2717 2962 2783 qualem
2987 2716 3033 2766 si
3057 2716 3239 2767 cuncti
3264 2720 3522 2782 cuperent
3544 2714 3824 2765 decurrere
3847 2713 4022 2765 uitam

2810 2786 2868 2832 et
2927 2781 3056 2832 ressi
3082 2780 3255 2831 multo
3278 2779 3521 2830 membra
3543 2780 3715 2831 iacere
3738 2794 3902 2839 mero,

2746 2862 2853 2897 non
2901 2862 3079 2897 errum
3104 2844 3321 2896 crudele
3345 2860 3521 2911 neque
3543 2849 3686 2895 esset
3709 2843 3904 2895 bellica
3925 2842 4103 2904 nauis,

2811 2927 2909 2961 nec
2931 2915 3116 2961 nostra
3140 2910 3428 2960 Actiacum
3453 2914 3691 2960 uerteret
3714 2924 3837 2959 ossa
3859 2922 4023 2968 mare,

2747 2991 2844 3026 nec
2869 2975 3071 3026 totiens
3094 2974 3322 3050 propriis
3345 2975 3546 3024 circum
3569 2979 3887 3039 oppugnata
3910 2970 4200 3038 triumphis
4237 2983 4302 3036 45

2813 3040 2957 3091 lassa
2980 3040 3118 3090 foret
3140 3055 3316 3090 crines
3338 3038 3548 3089 soluere
3573 3038 3747 3089 Roma
3768 3053 3910 3088 suos.

2748 3105 2881 3156 haec
2903 3109 3045 3155 certe
3070 3104 3263 3155 merito
3287 3108 3547 3169 poterunt
3570 3102 3794 3154 laudare
3818 3102 4050 3154 minores
4069 3122 4084 3153 z

2813 3169 3087 3221 laeserunt
3110 3168 3289 3223 nullos
3313 3168 3506 3234 pocula
3528 3172 3715 3219 nostra
3736 3167 3879 3219 deos.

3284 3374 3422 3426 xvl
3457 3374 3568 3439 [111
3605 3373 3773 3438 vm]

2750 3489 2976 3540 Praetor
2997 3487 3068 3539 ab
3093 3487 3327 3553 Illyricis
3350 3487 3504 3539 uenit
3527 3486 3704 3548 modo,
3733 3485 3991 3552 Cynthia,
4019 3486 4194 3548 terris,

2815 3553 3058 3603 maxima
3080 3552 3281 3619 praeda
3302 3552 3422 3613 tibi,
3449 3552 3691 3603 maxima
3713 3567 3844 3602 cura
3866 3551 4017 3603 mihi.

2750 3634 2857 3669 non
2954 3618 3064 3669 tuit
3086 3634 3220 3668 saxo
3243 3618 3416 3669 uitam
3442 3617 3684 3682 posuisse
3708 3617 3996 3667 Cerauno?

2815 3698 2850 3733 a
2907 3682 3146 3747 Yeptune,
3174 3682 3275 3733 tibi
3298 3682 3484 3748 qualia
3507 3682 3650 3733 dona
3673 3681 3855 3732 darem
3885 3687 3895 3732 Ι

2751 3763 2895 3798 nunc
2919 3747 3034 3797 sine
3058 3763 3144 3798 me
3168 3747 3328 3812 plena
3353 3747 3494 3797 fiunt
3515 3746 3772 3798 conuiuia
3795 3761 3999 3806 mensa,
4275 3754 4305 3810 5

2816 3828 2960 3862 nunc
2982 3811 3098 3863 sine
3123 3828 3208 3863 me
3230 3817 3351 3862 tota
3373 3811 3541 3862 ianua
3561 3817 3720 3861 nocte
3744 3815 3913 3876 patet.

2751 3893 2934 3943 quare,
2963 3876 3010 3927 si
3033 3876 3196 3942 sapis,
3224 3875 3439 3926 oblatas
3462 3892 3531 3927 ne
3552 3875 3739 3926 desere
3764 3891 3964 3926 messes

2816 3947 2873 3993 et
2897 3940 3155 3992 stolidum
3181 3940 3340 4007 pleno
3361 3939 3564 3992 uellere
3586 3956 3744 4006 carpe
3767 3956 3961 4005 pecus:
3997 3941 4034 3981 ι’
4055 3939 4120 3980 -“‘r·

2751 4005 2966 4069 deinde,
2992 4005 3086 4057 ubi
3109 4011 3430 4072 consumpto
3453 4002 3684 4056 restabit
3709 4020 3931 4055 munere
3954 4018 4175 4074 pauper,

2817 4071 2903 4121 dic
2926 4070 3062 4122 alias
3087 4070 3285 4122 iterum
3311 4070 3537 4135 nauiget
3561 4069 3793 4135 Illyrias.
4250 4081 4310 4117 10

2753 4136 2994 4202 Cynthia
3017 4151 3123 4186 non
3147 4135 3396 4201 sequitur
3418 4135 3588 4186 fasces
3609 4150 3708 4185 nec
3730 4138 3886 4184 curat
3908 4132 4136 4184 honores
4156 4151 4174 4195 3

2816 4216 3025 4266 semper
3045 4206 3352 4251 amatorum
3377 4199 3641 4265 ponderat
3665 4198 3762 4250 illa
3784 4198 3950 4249 sinus.

2752 4281 2962 4331 semper
2984 4265 3040 4315 in
3067 4266 3344 4316 Oceanum
3368 4264 3545 4316 mittit
3566 4280 3652 4316 me
3713 4279 3934 4315 uaerere
3955 4276 4198 4329 gemmas
4250 4274 4306 4323 17

2817 4336 2875 4382 et
2897 4329 3050 4381 iubet
3071 4346 3139 4380 ex
3163 4330 3284 4395 ipsa
3305 4328 3495 4381 tollere
3519 4329 3661 4379 dona
3731 4344 3841 4393 yro.
4247 4329 4305 4375 18

2752 4409 2878 4508 ergo
2903 4394 3215 4445 muneribus
3238 4393 3420 4459 quiuis
3443 4399 3711 4444 mercatur
3732 4395 4008 4443 amorem?
4251 4401 4307 4454 15

2849 4458 3079 4524 uppiter,
3106 4458 3334 4524 indigna
3357 4473 3530 4510 merce
3554 4456 3735 4523 puella
3825 4456 3913 4507 rit.
4253 4457 4310 4504 16

2753 4526 2918 4588 atque
2943 4522 3154 4573 utinam
3179 4524 3386 4574 Romae
3408 4539 3565 4573 nemo
3587 4527 3732 4573 esset
3791 4520 3908 4572 iues
3931 4524 3990 4572 et
4012 4519 4126 4586 ipse
4253 4534 4310 4581 19

2818 4587 3116 4638 straminea
3138 4592 3318 4653 posset
3341 4587 3453 4637 dux
3478 4586 3723 4637 habitare
3746 4602 3873 4637 casa
3898 4591 3908 4636 !
4245 4598 4311 4633 20

2752 4667 3050 4718 numquam
3074 4651 3298 4703 uenales
3319 4655 3498 4703 essent
3520 4650 3587 4702 ad
3614 4667 3812 4701 munus
3832 4649 4057 4711 amicae,

2818 4723 2988 4783 atque
3011 4733 3123 4782 una
3145 4717 3297 4768 fieret
3318 4732 3456 4768 cana
3476 4714 3660 4781 puella
3681 4714 3840 4766 domo
3862 4734 3877 4775 ς

1204 4848 1321 4893 ΧΙῙῙ
1352 4849 1411 4893 83
1442 4849 1525 4893 cui
1557 4846 1806 4904 Huschke,
1838 4849 1925 4905 qui
1955 4856 2012 4893 Ω.
2076 4848 2136 4890 ⁶6
2168 4847 2271 4893 illic
2302 4863 2348 4891 τ.
2384 4845 2631 4903 somnum
2659 4861 2762 4904 nos,
2793 4847 3066 4905 formosum
3097 4857 3139 4893 Ω
3172 4861 3269 4906 quo
3298 4849 3494 4893 semato
3524 4847 3702 4893 lauisse
3734 4864 3782 4902 τ,
3807 4848 3981 4892 cim‘sse
4010 4845 4185 4892 Baehr.
4250 4846 4310 4890 88

1120 4911 1173 4954 ui
1204 4909 1265 4954 N.

1390 4905 1501 4949 XIV
1531 4907 1558 4949 1
1590 4911 1657 4952 est
1677 4916 1737 4960 Ω,
1762 4920 1856 4951 om.
1884 4905 2134 4951 Charisius
2154 4918 2200 4963 p.
2226 4906 2299 4961 67,
2325 4905 2382 4951 11
2404 4905 2574 4962 (Keil).
2638 4906 2668 4949 2
2689 4921 2783 4953 om.
2808 4907 2861 4952 F.
2927 4908 2956 4950 δ
2978 4921 3122 4952 cuum
3143 4908 3339 4952 saluum
3360 4916 3396 4952 Δ
3414 4905 3545 4951 uude
3566 4920 3676 4951 cum
3697 4906 3820 4950 salu.
3848 4906 4074 4961 Housm„
4099 4904 4214 4950 fort.
4241 4907 4311 4951 sic

1102 4972 1216 5013 aeta
1245 4979 1389 5012 sunm
1419 4966 1616 5011 miluum
1647 4966 1887 5021 conspexit
1921 4966 1973 5009 Ο.
2038 4965 2066 5007 6
2098 4977 2247 5010 soror.
2293 4967 2410 5010 sinu
2441 4963 2613 5010 Heius.
2678 4966 2736 5007 11
2766 4979 2876 5011 cunc.
2906 4965 2953 5010 D
2971 4966 3022 5011 F.
3091 4966 3148 5009 16
3170 4965 3361 5010 condito
3381 4965 3443 5010 N.
3508 4965 3566 5008 27
3598 4964 3909 5010 tuas—aedes
3929 4973 3987 5020 Ω,
4012 4977 4133 5009 corr.
4160 4963 4305 5019 Scal„

1088 5031 1378 5073 tuas—aras
1408 5023 1582 5069 Baehr.
1638 5024 1776 5067 29-32
1798 5022 1892 5067 huc
1923 5036 2021 5068 non
2051 5023 2296 5080 pertinere
2325 5022 2456 5067 uidit
2477 5022 2559 5068 W.
2583 5023 2795 5071 Fischer.
2850 5024 2908 5067 29
2929 5026 2984 5069 in
3006 5029 3048 5070 te
3070 5023 3334 5079 D'Orville,
3359 5023 3427 5068 ad
3448 5027 3491 5068 te
3512 5032 3570 5068 Ω.
3625 5023 3794 5068 ueniat
3817 5039 3863 5078 τ,
3889 5024 4048 5068 ueniet
4069 5030 4128 5077 Ω,
4155 5027 4310 5069 teneat

1091 5085 1262 5130 Heius.
1311 5097 1413 5128 mea
1443 5092 1501 5138 Ω,
1537 5083 1664 5128 mihi
1691 5082 1740 5128 J.
1779 5082 1843 5127 H.
1881 5080 2020 5126 Voss.
2075 5081 2217 5127 litore
2248 5091 2285 5126 A
2308 5081 2354 5126 N
2375 5081 2399 5125 f
2426 5080 2558 5138 quod
2589 5082 2790 5128 retineri
2821 5083 3004 5140 poterit
3036 5082 3077 5128 si
3108 5082 3159 5127 in
3193 5082 3252 5125 30
3283 5083 3428 5127 salua
3463 5084 3528 5128 sit
3563 5095 3632 5127 an
3667 5081 3931 5139 scripseris.
3997 5081 4056 5124 30
4085 5095 4155 5126 an
4186 5080 4303 5138 FN,

1088 5145 1145 5189 in
1179 5152 1231 5188 A.
1298 5143 1354 5185 31
1386 5155 1474 5198 que
1506 5140 1602 5196 (i.e.
1642 5139 1785 5197 quae)
1811 5142 1856 5185 εἰ
1884 5139 1922 5185 F
1952 5139 2083 5198 quod
2116 5139 2309 5184 mauult
2340 5139 2546 5186 Housm.

2670 5140 2756 5184 XV
2786 5141 3060 5199 perturbati
3081 5141 3308 5187 carminis
3329 5155 3500 5186 uersus
3521 5139 3855 5185 ordinauimus
3875 5140 3970 5185 ita:
4003 5141 4135 5195 1-24,
4159 5140 4310 5184 61-54

1090 5200 1232 5257 (nos),
1249 5201 1324 5256 49,
1342 5199 1628 5256 ⁶0(1‘alm.),
1649 5200 1722 5254 29,
1743 5200 1802 5243 80
1822 5198 2090 5255 (Housm.),
2107 5198 2180 5253 27,
2201 5198 2259 5241 28
2279 5197 2546 5254 (Housm.),
2568 5199 2640 5254 23,
2660 5198 2946 5255 2⁶(Palm.)‚
2972 5200 3134 5246 ³140.
3188 5199 3337 5244 41-48

3357 5202 3469 5257 post
3487 5199 3560 5244 30.
3587 5199 3644 5244 18
3664 5198 3805 5256 ponit
3827 5199 4031 5244 Housm.
4097 5199 4124 5241 1
4147 5198 4229 5243 Ah
4253 5210 4304 5245 A.

1090 5274 1118 5306 ο
1149 5273 1245 5305 nox
1264 5267 1323 5313 Ω,
1349 5263 1392 5303 et
1412 5272 1506 5304 om.
1532 5258 1587 5313 F,
1612 5259 1778 5303 Io—t'o
1798 5259 2003 5303 nox—io
2024 5262 2077 5302 tu
2099 5257 2304 5303 Housm.
2370 5258 2397 5300 7
2419 5258 2570 5302 lassos
2590 5266 2648 5305 Ω.
2712 5259 2742 5302 8
2763 5259 2874 5304 lecte
2894 5258 2933 5304 F
2951 5259 3011 5304 N.
3078 5260 3136 5303 16
3157 5259 3346 5304 nilidae
3367 5257 3541 5312 Palm„
3567 5257 3773 5314 cupidae
3793 5256 3968 5303 Baehr.
4035 5258 4092 5301 17
4114 5255 4311 5302 αιὸανοκ

1091 5329 1149 5374 Ω,
1175 5319 1369 5364 cubat-is
1398 5317 1600 5370 Mutet„

1628 5315 2115 5373 pertendes—cubare
2144 5315 2193 5361 J.
2222 5314 2405 5360 Rivius.
2473 5316 2531 5358 22
2549 5316 2635 5361 Ιιοο
2657 5326 2710 5362 A.
2775 5318 2832 5361 26
2855 5319 2999 5363 uelles
3020 5326 3057 5362 A
3076 5317 3139 5363 N.
3185 5319 3264 5362 uti
3284 5316 3481 5373 Baehr.,
3507 5322 3559 5361 ut
3581 5325 3638 5361 Ω.
3703 5316 3762 5358 28
3783 5320 3951 5360 notum
3971 5305 4133 5373 Volpi,
4160 5320 4309 5362 totam

1092 5387 1149 5424 Ω.
1216 5378 1275 5421 85
1307 5376 1486 5421 calores
1519 5374 1800 5430 Beroaldus,
1834 5375 2019 5420 dolores
2049 5383 2106 5419 Ω.
2172 5374 2229 5418 87
2262 5376 2447 5420 interea
2477 5388 2580 5429 nos,
2615 5380 2768 5421 tecum
2796 5386 2854 5431 Ω,
2881 5377 3128 5421 interdum
3157 5376 3383 5430 nouam„
3409 5375 3528 5421 tales
3549 5377 3725 5419 iterum
3747 5374 3923 5420 Baehr.
3986 5375 4045 5417 u
4066 5380 4307 5430 cuperent,

1092 5436 1261 5482 uellem
1290 5434 1348 5480 F¹
1379 5433 1509 5480 unde
1540 5434 1715 5479 uellent
1746 5433 1777 5478 d
1799 5447 1893 5490 mg.

1957 5434 2017 5476 42
2047 5437 2089 5478 et
2120 5443 2179 5488 Ω,
2214 5447 2298 5479 nec
2328 5432 2580 5480 Fouteine.
2658 5434 2718 5478 43
2748 5440 2861 5480 esset
2893 5449 2951 5480 ne
2985 5449 3041 5479 ue
3073 5445 3126 5480 A.
3209 5435 3268 5477 47
3289 5432 3442 5490 h(a)ec
3473 5433 3496 5479 f
3510 5447 3558 5488 n,
3591 5446 3676 5478 nec
3703 5443 3760 5479 Ω.
3836 5434 3897 5477 4⁹
3917 5433 4026 5478 licet
4047 5444 4101 5488 A,
4124 5429 4232 5479 Ii'cet
4254 5433 4306 5479 F.

1090 5496 1197 5541 licet
1220 5510 1246 5540 ο
1267 5493 1434 5539 Muell.
1488 5493 1547 5536 53
1570 5506 1726 5549 mayn.
1748 5492 1850 5537 nob.
1873 5506 2002 5537 nunc
2023 5493 2110 5550 qui
2131 5492 2192 5538 N.
2233 5493 2352 5548 spir.
2379 5491 2524 5546 Scal„
2549 5505 2671 5549 sper.
2695 5501 2752 5538 Ω.

2988 5494 3047 5536 12
3070 5507 3170 5538 una
3192 5493 3231 5537 F
3247 5493 3309 5538 N.
3361 5493 3433 5547 18,
3460 5493 3520 5535 14
3539 5505 3589 5538 u.
3611 5491 3675 5537 sd
3697 5491 3769 5537 28.
3836 5493 3894 5535 15
3913 5493 4123 5536 amicam
4143 5493 4196 5538 F.
4253 5492 4311 5536 16

1089 5555 1350 5611 indiynum
1370 5569 1419 5600 τ.
1484 5552 1559 5611 17,
1583 5552 1641 5595 18
1660 5555 1772 5611 post
1792 5552 1852 5594 12
1871 5555 2054 5609 transp.
2082 5551 2288 5599 Housm.
2353 5551 2412 5595 18
2439 5552 2544 5608 ipso
2564 5559 2624 5598 Ω.
2688 5551 2746 5595 21
2767 5565 2864 5598 non
2885 5558 2985 5598 tam
3005 5551 3110 5598 cod.
3137 5552 3270 5602 Pass.
3316 5557 3465 5597 essent
3486 5549 3789 5611 languidum,
3815 5550 4024 5597 fortasse
4045 5551 4208 5598 issent.
