4890 6561
1663 475 1830 528 SEX.
1881 476 2270 529 PROPERTI
2310 474 2457 528 LIB.
2507 476 2614 527 III
2631 476 2783 544 [IV]
3768 482 3833 531 33

675 646 902 694 exustae
942 657 1010 692 ue
1034 645 1163 692 tuae
1186 657 1330 702 mox,
1360 639 1708 706 Polypheme,
1734 658 1925 708 genae,

611 712 667 759 et
693 708 881 759 Circae
902 658 1140 767 2raude3,
1168 705 1418 772 lotosque
1444 706 1748 772 herbaeque
1774 713 2007 768 tenaceS,

677 771 967 838 Scyllaque
990 777 1046 822 et
1069 772 1309 822 alternas
1332 771 1499 822 scissa
1523 771 1828 837 Charybdis
1853 788 2040 838 aquas,

612 837 921 903 Lampeties
946 836 1150 887 Ithacis
1173 835 1394 886 neribus
1418 836 1655 901 mugisse
1679 837 1936 888 iuuencos

676 905 692 962 (
733 907 927 952 auerat
952 901 1047 951 hos
1072 900 1290 951 Phoebo
1314 901 1429 950 filia
1453 901 1773 965 Lampetie),
2112 916 2176 967 30

610 969 667 1016 et
690 971 713 1017 t
754 965 996 1017 alamum
1023 967 1237 1016 Aeaeae
1264 965 1443 1015 flentis
1466 965 1669 1031 fugisse
1696 964 1926 1031 puellae,

676 1036 795 1096 totq
805 1047 870 1081 ue
894 1030 1088 1081 hiemis
1111 1035 1297 1080 noctes
1323 1035 1512 1095 totque
1535 1036 1754 1081 natasse
1777 1030 1911 1090 dies,

610 1095 668 1146 ni
690 1096 986 1162 rrantisque
1009 1095 1195 1145 domos
1218 1095 1523 1145 animarum
1547 1095 1780 1146 intrasse
1803 1095 2081 1158 silentum,

717 1160 958 1211 icanium
979 1160 1144 1210 surdo
1166 1160 1368 1224 remige
1392 1159 1568 1210 adisse
1594 1159 1758 1220 latus,

612 1229 670 1277 et
693 1230 904 1275 ueteres
927 1240 1085 1275 arcus
1108 1225 1219 1275 leto
1242 1240 1530 1275 renouasse
1554 1240 1850 1289 procorum,
2110 1236 2171 1290 35

675 1289 976 1355 errorisque
999 1290 1086 1340 sui
1110 1288 1187 1340 sic
1212 1290 1474 1340 statuisse
1499 1289 1735 1340 modum.

611 1370 709 1404 nec
733 1353 953 1414 fmstra,
980 1354 1113 1420 quia
1135 1360 1289 1404 casta
1309 1354 1456 1404 domi
1548 1353 1789 1404 rsederat
1812 1368 1963 1405 uxor.

677 1419 851 1470 uincit
873 1418 1171 1485 Penelopes
1194 1418 1356 1469 Aelia
1380 1418 1484 1469 Gal
1508 1434 1542 1469 a
1566 1418 1742 1469 fidem.

1225 1623 1371 1675 x111
1406 1623 1564 1687 [ΧΗ]

613 1737 905 1801 Quaeriti3‚
932 1737 1077 1789 unde
1101 1738 1278 1788 auidis
1302 1754 1409 1788 nox
1433 1738 1505 1788 sit
1531 1737 1765 1803 pretiosa
1787 1737 2005 1803 puellis,

675 1810 731 1855 et
757 1803 965 1854 Venere
989 1803 1289 1853 exhaustae
1313 1802 1515 1853 damna
1537 1807 1837 1868 querantur
1859 1820 2001 1879 opes.

609 1874 761 1919 certa
780 1868 999 1934 quidem
1025 1868 1195 1918 tantis
1219 1884 1384 1918 causa
1406 1873 1461 1917 et
1485 1867 1779 1918 manifesta
1800 1867 2004 1934 rapinis
2026 1888 2039 1919 :

676 1932 928 1983 luxuriae
953 1933 1181 1983 nimium
1207 1932 1377 1982 libera
1401 1931 1548 1982 facta
1572 1931 1665 1982 uia
1688 1938 1784 1982 est.

612 1996 755 2048 Inda
775 1997 926 2048 cauis
950 2013 1143 2047 aurum
1170 1997 1344 2047 mittit
1366 1996 1591 2047 formica
1614 1996 1868 2059 metallis,
2142 2010 2169 2063 5

674 2066 733 2113 et
757 2062 911 2112 uenit
933 2077 963 2112 e
987 2062 1149 2112 rubro
1172 2062 1375 2112 concha
1399 2061 1635 2127 Erycina
1657 2061 1789 2121 salo,
1982 2080 1985 2084 >

610 2130 669 2179 et
691 2126 863 2193 Tyros
886 2127 1120 2177 ostrinos
1181 2126 1369 2177 raebet
1395 2126 1633 2177 Cadmea
1656 2126 1876 2187 colores,

675 2191 963 2241 cinnamon
987 2195 1044 2242 et
1068 2207 1159 2240 mu
1185 2191 1230 2241 ti
1254 2197 1436 2257 pastor
1457 2190 1633 2241 odoris
1657 2190 1851 2242 Arabs.

610 2254 747 2307 haec
769 2256 937 2306 etiam
961 2255 1174 2306 clausas
1198 2262 1515 2321 expugnant
1538 2271 1691 2305 arma
1713 2255 1941 2321 puellae,

675 2336 921 2386 quaeque
944 2326 1140 2385 gerunt
1162 2320 1355 2380 fasma
1383 2320 1621 2380 Icarioti,
1649 2326 1803 2371 tuos:
2115 2335 2173 2371 10

609 2390 859 2436 matrona
882 2385 1086 2435 incedit
1107 2402 1301 2435 census
1325 2384 1520 2435 induta
1543 2390 1802 2449 nepotum

675 2456 734 2500 et
756 2449 929 2515 spolia
950 2450 1221 2515 obprobrii
1245 2456 1430 2499 nostra
1455 2465 1546 2515 per
1567 2465 1663 2499 ora
1686 2448 1871 2500 trahit.

611 2513 768 2565 nulla
790 2520 874 2564 est
897 2514 1166 2579 poscendi,
1196 2514 1347 2564 nulla
1371 2520 1453 2564 est
1478 2514 1784 2564 reuerentia
1807 2513 1992 2575 dandi,

677 2584 777 2629 aut
799 2579 958 2654 siqua
980 2585 1079 2638 est,
1110 2579 1283 2644 pretio
1307 2579 1521 2629 tollitur
1544 2578 1664 2654 ipsa
1685 2595 1849 2630 mora.

611 2643 743 2695 felix
771 2643 896 2694 E01s
922 2643 1009 2694 lex
1034 2644 1238 2694 funeris
1264 2660 1374 2693 una
1397 2643 1624 2703 maritis,
2111 2656 2167 2708 15

675 2723 812 2774 quos
837 2710 1050 2759 Aurora
1073 2708 1185 2758 suis
1209 2708 1372 2758 rubra
1394 2708 1599 2758 colorat
1621 2707 1789 2774 equis.

611 2788 848 2838 namque
872 2773 966 2822 ubi
990 2773 1266 2824 mortifero
1289 2773 1436 2823 iacta
1459 2778 1542 2823 est
1564 2771 1658 2822 fax
1685 2772 1881 2824 ultima
1902 2771 2062 2834 lectu,

678 2853 907 2887 uxorum
933 2837 1069 2888 fusis
1094 2842 1206 2888 stat
1228 2838 1319 2903 pia
1344 2837 1505 2888 turba
1527 2837 1711 2898 comis,

612 2907 670 2953 et
693 2907 968 2953 certamen
992 2902 1196 2953 habent
1219 2901 1333 2962 leti,
1361 2918 1502 2967 quae
1525 2902 1659 2952 uiua
1681 2906 1944 2967 sequatur

677 2967 987 3031 coniugium
1009 2988 1020 3018 ε
1060 2967 1230 3032 pudor
1251 2971 1335 3017 est
1358 2983 1465 3017 non
1490 2966 1706 3017 licuisse
1731 2967 1879 3016 mori.
2106 2982 2171 3017 20

611 3031 804 3082 ardent
827 3032 1077 3081 uictrices
1099 3037 1155 3081 et
1179 3031 1431 3082 flammae
1456 3036 1674 3096 pectora
1696 3031 1974 3096 praebent,

679 3096 1054 3162 inponuntque
1078 3097 1191 3146 suis
1214 3112 1309 3146 ora
1331 3101 1550 3162 perusta
1574 3096 1719 3146 uiris

612 3159 714 3212 hoc
736 3177 907 3226 genus
930 3161 1158 3211 infidum
1181 3166 1475 3226 nuptarum
1500 3181 1513 3220 3
1550 3161 1636 3210 hic
1659 3160 1814 3212 nulla
1836 3160 2020 3227 puella

678 3241 777 3275 nec
802 3225 909 3276 fida
934 3225 1199 3276 Euhadne
1222 3242 1321 3275 nec
1345 3226 1435 3291 pia
1461 3225 1740 3291 Penelope.

612 3289 746 3342 felix
769 3299 1045 3354 agrestum
1069 3291 1341 3356 quondam
1368 3295 1562 3356 pacata
1585 3292 1863 3352 iuuentus,
2108 3304 2169 3356 25

678 3351 907 3406 diuitiae
931 3372 1161 3421 quorum
1186 3356 1373 3406 messis
1396 3361 1453 3406 et
1476 3355 1634 3406 arbor
1656 3360 1826 3408 erant.

614 3419 723 3472 illis
748 3436 945 3471 munus
969 3425 1088 3470 erat
1111 3420 1338 3471 decussa
1363 3420 1609 3486 Cydonia
1634 3436 1782 3470 ramo

643 3519 649 3524 -
678 3489 736 3535 et
759 3484 887 3536 dare
912 3485 1152 3549 puniceis
1179 3481 1338 3550 pl'ena
1360 3485 1600 3535 canistra
1621 3485 1788 3545 rubiS,

614 3565 758 3600 nunc
782 3549 958 3600 uiolas
984 3549 1207 3600 tondere
1232 3566 1414 3610 manu,
1443 3566 1586 3599 nunc
1610 3549 1788 3600 mixta
1810 3548 2010 3602 referre

678 3613 797 3664 lilia
818 3614 1084 3665 uimineos
1110 3614 1291 3664 lucida
1350 3630 1407 3664 er
1430 3614 1692 3674 calathos,
2110 3628 2173 3678 30

615 3681 672 3731 et
694 3683 908 3744 portare
932 3679 1044 3729 suis
1067 3679 1298 3729 nestitae
1345 3679 1604 3730 rondibus
1631 3694 1767 3729 uuas

678 3749 776 3793 aut
800 3743 1009 3793 uariam
1035 3743 1250 3819 plumae
1274 3742 1609 3794 uersicoloris
1632 3759 1807 3794 auem.

611 3805 698 3858 his
722 3815 842 3858 tum
868 3807 1147 3859 blanditiis
1172 3808 1381 3858 furtiua
1441 3825 1498 3858 er
1521 3812 1681 3858 antra
1706 3807 1919 3873 puellae

678 3872 864 3923 oscula
887 3871 1149 3923 siluicolis
1172 3878 1356 3938 empta
1417 3872 1574 3923 edere
1598 3873 1745 3923 uiris.

612 3936 822 3988 hinulei
849 3937 1003 4002 pellis
1027 3940 1230 4012 positos
1254 3937 1499 4002 operibat
1521 3943 1789 3998 amantes,
2110 3949 2172 4003 35

678 4001 902 4067 altaque
926 4009 1116 4052 nat1u0
1138 4007 1385 4053 creuerat
1408 4002 1575 4053 herba
1598 4007 1733 4062 tore,

613 4066 773 4132 pinus
796 4072 854 4116 et
878 4066 1193 4116 incumbens
1218 4066 1383 4117 lentis
1405 4066 1777 4117 circumdabat
1800 4066 2018 4117 umbras
2039 4085 2053 4127 3

678 4147 777 4181 nec
800 4130 980 4181 fuerat
1004 4131 1178 4181 nudas
1202 4147 1375 4196 poena
1400 4131 1583 4181 uidere
1608 4131 1736 4181 deas
1757 4151 1770 4190 ;

611 4195 971 4271 crinigerique
994 4195 1080 4246 dei
1106 4212 1338 4246 uacuam
1362 4196 1594 4261 pastoris
1619 4196 1675 4245 in
1699 4195 1884 4245 aulam

677 4260 788 4311 dux
814 4276 955 4310 aries
978 4266 1193 4311 saturas
1216 4261 1331 4325 ipse
1356 4260 1576 4311 reduxit·
1599 4277 1727 4311 oues
1753 4280 1766 4319 ;
2108 4275 2175 4323 40

611 4322 775 4389 dique
800 4325 1041 4390 deaeque
1064 4342 1268 4384 omneS,
1296 4325 1494 4390 quibus
1518 4331 1601 4375 est
1627 4325 1801 4375 tutela
1823 4341 1919 4390 per
1940 4341 2114 4390 agroe,

677 4389 1012 4456 praebebant
1035 4389 1232 4440 uestris
1256 4389 1423 4440 uerba
1446 4389 1682 4455 benigna
1704 4388 1867 4440 focisz

2280 644 2295 669 ‘
2315 646 2370 693 et
2393 640 2646 716 leporem,
2673 640 3000 708 quicumque
3024 642 3198 705 uenis,
3224 644 3528 706 uenaberis,
3554 644 3765 710 hospes,
3831 693 3838 699 .

2340 712 2396 757 et
2419 723 2467 756 si
2491 706 2631 757 forte
2655 722 2774 757 meo
2799 708 3018 758 tramite
3080 710 3258 759 uaeris
3280 726 3440 760 auem
3463 731 3473 761 :

2274 777 2333 822 et
2357 787 2443 821 me
2470 772 2622 822 Pana
2645 771 2745 821 tibi
2769 772 3018 822 comitem
3084 789 3113 824 e
3137 790 3268 839 rupe
3293 778 3502 835 uocato,
3768 787 3831 839 45

2338 836 2458 886 siue
2481 840 2632 901 petes
2656 835 2865 886 calamo
2891 838 3130 901 praemia
3153 839 3269 889 siue
3291 840 3463 890 cane.'

2273 904 2333 950 at
2357 917 2500 950 nunc
2524 900 2751 951 desertis
2775 908 2991 952 cessant
3013 904 3250 953 sacraria
3274 903 3408 954 lucis
3433 925 3444 954 :

2338 981 2532 1015 aurum
2557 980 2743 1015 omnes
2767 966 2919 1017 uicta
2939 966 3050 1017 iam
3074 967 3280 1032 pietate
3302 968 3502 1019 colunt.

2273 1046 2406 1080 auro
2429 1029 2590 1096 pulsa
2612 1028 2762 1090 fides,
2790 1046 2924 1080 auro
2947 1031 3168 1082 uenalia
3191 1032 3311 1083 iura
3331 1052 3344 1092 ;

2337 1111 2534 1144 aurum
2560 1094 2647 1144 lex
2671 1095 2934 1159 sequitur,
2963 1112 3088 1145 mox
3112 1096 3230 1147 sine
3253 1095 3370 1162 lege
3394 1096 3581 1163 pudor.
3771 1110 3833 1162 50

2273 1158 2481 1209 torrida
2501 1158 2824 1224 sacrilegum
2848 1164 3126 1211 testantur
3148 1161 3337 1212 limina
3361 1162 3654 1223 Brennum,

2338 1224 2470 1273 dum
2563 1223 2635 1273 tit
2657 1223 2860 1274 intonsi
2887 1225 3090 1289 Pythia
3112 1242 3279 1291 regna
3302 1226 3388 1276 dei
3413 1247 3425 1278 ε

2272 1292 2333 1339 at
2355 1304 2482 1338 mox
2495 1239 2774 1353 ffurigero
2796 1304 3087 1340 concussus
3111 1291 3315 1341 uertice
3339 1290 3485 1342 diras

2339 1352 2553 1403 Gallica
2577 1353 2848 1403 Parnasus
2871 1354 3072 1418 sparsit
3095 1354 3151 1405 in
3175 1371 3329 1406 arma
3353 1356 3523 1407 niues.

2272 1422 2328 1469 te
2352 1417 2526 1471 scelus
2550 1423 2773 1482 accepto
2796 1418 3021 1469 Thracis
3046 1418 3432 1485 Polymestoris
3454 1434 3589 1470 auro
3770 1432 3830 1484 55

2337 1482 2514 1533 nutrit
2537 1482 2595 1531 in
2619 1482 2856 1547 hospitio
2878 1499 3003 1544 non,
3033 1484 3314 1549 Polydore,
3379 1485 3444 1535 io.

2273 1550 2335 1598 tu
2359 1563 2592 1613 quoque,
2620 1553 2683 1598 ut
2706 1552 2930 1598 auratos
2952 1565 3180 1612 gereres,
3209 1549 3337 1614 Erip
3377 1549 3488 1614 yla,
3516 1549 3764 1610 lacertos,

2338 1611 2573 1676 delapsis
2598 1628 2866 1677 nusquam
2892 1619 2977 1664 est
3000 1614 3371 1679 Amphiaraus
3395 1614 3565 1679 equiS.

2272 1676 2560 1743 proloquar
2580 1679 2767 1741 (atque
2785 1677 2998 1727 utinam
3020 1679 3227 1742 patriae
3246 1680 3347 1729 sim
3366 1695 3543 1729 uanus
3558 1682 3830 1744 aruspex),

2336 1740 2609 1806 frangitur
2631 1740 2751 1806 ipsa
2771 1741 2884 1790 suis
2909 1743 3085 1792 Roma
3105 1743 3339 1808 superba
3361 1743 3533 1794 bonis.
3767 1747 3834 1793 60

2271 1810 2420 1856 certa
2442 1805 2651 1920 lplquor,
2679 1805 2775 1856 sed
2798 1805 2953 1856 nulla
2974 1806 3133 1859 fides:
3170 1824 3346 1873 neque
3368 1808 3514 1859 enim
3540 1807 3647 1858 Ilia
3662 1823 3832 1873 quon-

2506 1887 2595 1920 am

2337 1950 2507 1989 uerax
2533 1933 2842 1997 Pergameis
2868 1935 3097 1986 Maenas
3121 1935 3373 1987 habenda
3395 1936 3568 1988 malis.

2272 1998 2389 2050 sola
2414 1999 2594 2049 Pan'm
2624 1999 2892 2075 Phrygiae
2913 2000 3091 2050 fatum
3115 2017 3449 2067 componere,
3477 2001 3596 2054 sola

2336 2063 2588 2114 fallacem
2614 2072 2824 2128 patriae
2847 2080 3059 2130 serpere
3083 2065 3225 2115 dixit
3249 2082 3425 2131 equm.

2273 2128 2366 2179 ille
2389 2128 2537 2178 furor
2561 2129 2770 2194 patriae
2796 2129 2921 2181 uilis
2944 2129 3067 2190 fuit,
3093 2130 3186 2181 ille
3210 2131 3421 2195 parenti
3442 2150 3454 2183 z
3767 2132 3829 2194 65

2338 2199 2563 2258 experta
2586 2199 2670 2245 est
2694 2209 2848 2245 ueros
2869 2193 3025 2245 irrita
3046 2194 3237 2260 lingua
3257 2195 3402 2246 deos

2865 2400 3007 2452 XIV
3038 2400 3231 2463 [XIII]

2274 2514 2459 2566 Multa
2482 2518 2628 2576 tuae,
2657 2514 2869 2581 Sparte,
2896 2515 3160 2566 miramur
3180 2515 3302 2566 iura
3323 2514 3644 2580 palaestrae,

2336 2580 2430 2630 sed
2455 2597 2614 2646 mage
2638 2580 2869 2645 uirginei
2892 2586 2977 2631 tot
3005 2580 3145 2630 bona
3166 2580 3456 2645 gymnasii,

2272 2644 2416 2711 quod
2442 2661 2548 2694 non
2575 2645 2804 2696 infames
2828 2649 3040 2696 exercet
3065 2660 3284 2710 corpore
3307 2644 3465 2695 ludos

2338 2709 2480 2760 inter
2504 2709 2778 2760 luctantes
2802 2709 2949 2760 nuda
2972 2708 3154 2774 puella
3177 2709 3338 2769 uiros,

2271 2790 2395 2824 cum
2418 2773 2531 2839 pila
2554 2774 2757 2825 uelocis
2778 2773 2926 2825 fallit
2949 2789 3043 2839 per
3066 2773 3319 2824 bracchia
3338 2774 3534 2834 iactus,
3802 2785 3829 2838 5

2337 2838 2581 2903 increpat
2603 2843 2659 2890 et
2682 2839 2824 2889 uersi
2848 2838 3019 2889 clauis
3042 2838 3255 2889 adunca
3278 2838 3451 2888 trochi
3473 2857 3488 2898 ;

2272 2902 2595 2969 puluerulen
2698 2919 2765 2953 ue
2788 2903 2859 2954 ad
2882 2908 3158 2954 extremas
3180 2906 3292 2952 stat
3315 2902 3519 2953 femina
3541 2906 3733 2963 metas,

2336 2973 2393 3019 et
2418 2968 2628 3033 patitur
2689 2984 2785 3018 uro
2808 2967 3039 3019 uulnera
3061 2967 3356 3032 pancratio,

2272 3049 2416 3083 nunc
2439 3032 2580 3083 linat
2602 3033 2671 3083 ad
2696 3037 2937 3083 caestum
2960 3031 3260 3097 gaudentia
3282 3031 3533 3082 bracchia
3555 3030 3701 3093 loris,

2336 3074 2541 3147 missile
2564 3113 2708 3148 nunc
2731 3096 2867 3147 disci
2889 3097 3099 3162 pondus
3122 3097 3179 3146 in
3203 3096 3331 3147 orbe
3352 3101 3518 3159 rotat,
3775 3111 3834 3147 ιο

2271 3165 2329 3212 et
2352 3162 2512 3212 modo
2535 3161 2783 3226 Taygeti,
2811 3162 2986 3212 crines
3008 3177 3229 3226 aspersa
3251 3161 3462 3227 pruina,
3773 3173 3828 3224 15

2336 3230 2581 3277 sectatur
2606 3226 2807 3293 patrios
2831 3242 2924 3293 per
2945 3225 3076 3292 iuga
3097 3225 3261 3290 longa
3282 3242 3443 3277 canes
3467 3245 3481 3286 ;
3771 3228 3831 3275 16

2270 3309 2467 3359 gyrum
2492 3292 2677 3358 pulsat
2700 3291 2870 3358 equis,
2896 3291 3118 3342 niueum
3144 3291 3291 3342 latus
3314 3307 3441 3343 ense
3465 3291 3713 3353 reuincit,
3775 3307 3792 3342 ι
3808 3307 3825 3342 1

2338 3357 2752 3423 uirgineumque
2775 3373 2912 3408 cauo
2935 3357 3172 3422 protegit
3194 3372 3317 3408 aere
3340 3360 3524 3422 eaput,

2271 3422 2454 3488 qualis
2478 3421 2878 3472 Amazonidum
2903 3421 3125 3472 nudatis
3149 3421 3344 3472 bellica
3367 3420 3617 3472 mammis

2338 3486 2842 3537 Thermodontiacis
2864 3486 3029 3536 turba
3051 3486 3311 3537 lauantnr
3333 3486 3491 3551 aquis
3510 3505 3523 3545 ς

2272 3551 2451 3617 qualis
2474 3556 2530 3600 et
2556 3551 2792 3601 Eurotae
2817 3550 3012 3601 Pollux
3037 3556 3091 3600 et
3118 3550 3313 3601 Castor
3333 3549 3567 3611 harenis,
3774 3561 3830 3614 17

2338 3615 2425 3666 hic
2449 3615 2626 3665 uictor
2687 3614 2862 3679 ugnis,
2889 3614 2983 3665 ille
3007 3614 3225 3665 futurus
3249 3615 3404 3679 equis
3426 3635 3441 3674 3

2272 3680 2416 3731 inter
2439 3696 2575 3745 quos
2655 3680 2807 3730 elene
2831 3679 2991 3729 nudis
3014 3694 3204 3744 capere
3227 3694 3380 3729 arma
3402 3677 3620 3744 papillis

2336 3745 2510 3795 fertur
2533 3760 2630 3794 nec
2652 3744 2848 3795 fratres
2871 3743 3149 3794 erubuisse
3173 3743 3315 3794 deos.
3768 3757 3834 3794 20

2275 3809 2362 3861 lex
2389 3809 2406 3859 i
2451 3810 2559 3859 'tur
2582 3809 2856 3875 Spartana
2879 3813 3033 3859 uetat
3055 3808 3302 3858 secedere
3325 3811 3591 3870 amantes,

2339 3880 2397 3924 et
2440 3874 2549 3925 icet
2571 3873 2628 3924 in
2654 3873 2833 3924 triuiis
2855 3873 2923 3924 ad
2947 3873 3095 3923 latus
3120 3889 3236 3923 esse
3259 3888 3424 3932 suae3

2274 3954 2373 3990 nec
2398 3938 2561 3989 timor
2583 3943 2683 3989 ant
2705 3938 2820 3989 nlla
2843 3942 2929 3989 est
2951 3938 3168 3988 clausae
3192 3937 3370 3987 tutela
3391 3936 3607 4012 puellae

2340 4019 2438 4053 nec
2462 4003 2645 4067 grauis
2668 4003 2874 4054 austeri
2899 4018 3072 4068 poena
3094 4002 3341 4053 cauenda
3362 4003 3483 4053 uiri.

2274 4067 2428 4118 nullo
2453 4067 2746 4133 praemisso
2769 4067 2836 4118 de
2860 4066 3018 4117 rebus
3044 4071 3163 4117 tute
3188 4066 3424 4131 loquaris
3768 4081 3830 4131 25

2339 4132 2456 4198 ipse
2479 4132 2592 4183 tuis
2615 4152 2627 4183 ε
2664 4131 2858 4196 longae
2882 4130 3036 4181 nulla
3058 4130 3274 4196 repulsa
3296 4147 3492 4181 morae.

2274 4213 2382 4247 non
2409 4197 2606 4262 Tyriae
2631 4201 2812 4247 uestes
2835 4196 3076 4247 errantia
3098 4195 3309 4246 lumina
3329 4194 3551 4256 fallunt,

2339 4265 2424 4312 est
2447 4277 2624 4327 neque
2647 4261 2905 4312 odoratae
2927 4276 3058 4311 cura
3081 4260 3313 4311 molesta
3334 4276 3533 4311 comae.

2272 4330 2334 4376 at
2357 4331 2544 4376 nostra
2567 4324 2780 4391 ingenti
2804 4325 2960 4376 uadit
2983 4325 3322 4376 circumdata
3343 4325 3525 4385 turba,

2338 4407 2437 4442 nec
2460 4390 2696 4457 digitum
2719 4397 2958 4457 angusta
2980 4396 3066 4441 est
3088 4390 3376 4442 inseruisse
3399 4390 3510 4450 nia,
3768 4404 3832 4453 30

727 4553 821 4598 x11
841 4555 899 4598 29
918 4555 1210 4613 Lampathie
1229 4555 1418 4600 eithicis
1438 4555 1486 4600 N
1504 4569 1591 4601 nec
1612 4554 1812 4601 meliora
1832 4555 1948 4600 cett.
1969 4553 2216 4610 (scythicis
2232 4553 2305 4608 A).
2357 4555 2415 4598 ³0
2434 4555 2656 4612 spurium
2672 4558 2837 4600 censet
2855 4554 3007 4600 Palm.
3027 4559 3078 4600 et
3098 4554 3341 4600 desiderat
3358 4554 3496 4600 Aeoli
3514 4556 3827 4604 mentionem.

644 4613 741 4659 uod
762 4615 801 4658 si
823 4628 993 4659 uerum
1017 4618 1106 4668 est,
1131 4615 1338 4659 amissus
1368 4627 1414 4658 u.
1449 4615 1517 4659 sic
1544 4613 1712 4670 refingi
1743 4613 1927 4671 poterit
1953 4614 2207 4658 inclusisse
2227 4615 2379 4658 Notos
2401 4614 2591 4659 utribus
2612 4615 2805 4659 Aeolios
2825 4612 2933 4659 coll.
2960 4611 3107 4671 [Tib.]
3130 4614 3248 4659 Pan.
3273 4615 3417 4659 Mese.
3443 4614 3501 4659 58
3527 4617 3577 4659 et
3598 4614 3690 4660 Ou.
3716 4615 3827 4662 Am.

642 4673 691 4717 11
713 4673 784 4718 12.
810 4673 882 4718 29.
949 4674 1007 4716 32
1038 4677 1224 4718 notasse
1245 4673 1303 4718 Ο.
1369 4674 1429 4715 34
1459 4674 1687 4720 Sirenum
1715 4683 1774 4727 Ω,
1809 4686 1928 4717 corr.
1966 4686 2068 4717 nos.
2114 4672 2245 4717 latus
2265 4672 2323 4718 1³1
2345 4672 2581 4726 Broukh.,
2608 4673 2793 4717 latreus
2812 4672 2865 4726 L,
2891 4673 3027 4717 lacus
3046 4675 3163 4717 cett.
3228 4673 3286 4715 35
3313 4678 3457 4718 arcus
3478 4683 3514 4718 Δ
3533 4673 3586 4718 F.
3632 4673 3747 4718 lecto
3768 4683 3825 4718 52.

609 4732 669 4775 88
690 4733 850 4777 uincet
872 4748 916 4776 «r.
961 4732 1194 4787 Penelope
1224 4731 1411 4786 l(a)elia
1431 4741 1473 4776 Ω
1496 4731 1645 4786 (delia
1664 4729 1740 4786 μ),
1766 4745 1886 4776 corr.
1911 4745 1941 4773 v
1964 4733 2015 4775 et
2036 4729 2221 4786 (Aelia)
2245 4730 2375 4776 Paos.

612 4789 769 4836 Palm.
834 4791 863 4833 ⁶
883 4791 1159 4845 Erythraea
1180 4789 1462 4844 Beroaldus,
1488 4789 1602 4835 fort.
1629 4791 1870 4835 Aracina.
1935 4789 1965 4832 8
1980 4793 2149 4845 pastor

608 4849 803 4894 clamas
822 4863 911 4895 scr.
934 4849 984 4893 in
1007 4849 1067 4893 N.
1108 4849 1301 4905 puella-9
1321 4848 1594 4904 Markland,

2500 4729 2617 4773 xm
2645 4731 2675 4773 2
2703 4745 2919 4776 uenerem
2940 4739 2998 4784 Ω,
3034 4744 3153 4775 corr.
3181 4730 3310 4776 Itali.
3377 4732 3406 4774 3
3435 4733 3603 4778 rui-nie
3623 4740 3680 4786 Ω,
3706 4746 3827 4778 corr.

2169 4792 2453 4847 corruptum
2474 4788 2594 4844 uid.‚
2615 4794 2774 4834 eoston
2790 4789 3029 4846 Guyetus,
3050 4789 3163 4834 fort.
3183 4794 3394 4844 carptor.
3459 4791 3488 4833 9
3508 4790 3667 4846 niseus
3685 4804 3833 4848 supra

1612 4849 1821 4904 pudicas
1842 4857 1901 4893 Ω.
1957 4848 2016 4891 10
2032 4853 2209 4903 flerunt
2226 4847 2481 4905 Scioppius
2498 4850 2549 4893 et
2566 4849 2806 4906 Guyetus,
2826 4853 2986 4893 terunt
3003 4857 3061 4902 Ω,
3081 4851 3260 4893 itm-ant
3278 4848 3447 4894 Heius.
3485 4848 3761 4904 icarwtdre
3776 4850 3830 4905 ο)

609 4916 668 4962 Ω,
694 4922 815 4953 corr.
841 4921 885 4953 v.
940 4908 999 4950 19
1020 4909 1136 4952 laeti
1155 4908 1203 4952 D
1221 4907 1283 4962 N,
1310 4908 1733 4962 letum—coniugii
1749 4906 1846 4963 (20)
1864 4906 2069 4952 Housm.
2090 4906 2221 4965 quod
2242 4906 2418 4964 placet.
2475 4907 2534 4950 21
2554 4907 2727 4952 ardent
2749 4916 2807 4962 Ω,
2830 4907 3044 4962 yaudent
3065 4907 3129 4952 H.
3158 4907 3452 4964 Stephanus.
3507 4907 3566 4950 23
3586 4907 3665 4952 hie
3686 4908 3832 4953 nulla

609 4965 658 5010 N
675 4966 722 5009 V
743 4966 796 5011 in
817 4980 928 5021 raa,
954 4968 1169 5022 innupta
1191 4966 1237 5010 D
1255 4965 1308 5021 L,
1343 4971 1499 5022 nupta
1521 4966 1573 5011 F.
1638 4967 1698 5009 25
1725 4970 1904 5022 pacata

1933 4969 2229 5023 suspectum.
2293 4967 2353 5009 2⁶
2375 4979 2589 5021 quarum
2616 4966 2675 5012 O.
2738 4966 2799 5009 27
2823 4966 2962 5010 illius
2982 4966 3044 5010 D.
3089 4979 3271 5011 munus
3290 4979 3384 5012 om.
3413 4965 3465 5012 F.
3510 4971 3615 5011 erat
3633 4965 3680 5010 V
3702 4965 3760 5022 (ἲ)
3779 4967 3831 5036 in

608 5038 722 5080 ras„
743 5030 885 5070 erant
903 5025 964 5079 N,
984 5039 1078 5070 om.
1106 5035 1138 5069 Φ
1161 5025 1223 5071 Ι).
1289 5026 1348 5068 30
1367 5026 1608 5070 uimineoe
1635 5024 1772 5070 codd.
1798 5038 1875 5082 ap.
1902 5024 2034 5070 Pass.
2058 5024 2114 5079 (ἲ)
2143 5023 2410 5080 Fruterius,
2429 5026 2677 5080 vimineos
2697 5033 2755 5079 Ω,
2783 5025 3001 5080 uivyatos
3020 5024 3158 5069 codd.
3175 5038 3253 5081 ap.
3274 5024 3408 5070 Pasa.
3473 5025 3532 5067 ³2
3551 5026 3832 5072 uiricolom

609 5084 723 5129 oN.
788 5084 847 5127 35

876 5089 1021 5140 atque
1050 5084 1218 5129 hinuli
1244 5083 1445 5140 (humili
1466 5084 1519 5138 Φ)
1542 5093 1601 5138 Ω,
1626 5097 1746 5129 corr.
1773 5082 1898 5129 Scal.
1941 5085 2120 5139 positos
2140 5083 2331 5138 Heius„
2358 5087 2478 5128 totos
2499 5093 2558 5138 Ω,
2584 5087 2762 5128 stratos
2781 5082 2957 5129 Baehr.
3022 5083 3081 5127 37
3111 5084 3266 5128 lentae
3287 5093 3324 5128 Δ
3344 5083 3383 5128 L
3398 5082 3461 5138 N,
3488 5083 3607 5129 letae
3624 5083 3681 5140 F,
3705 5098 3827 5131 corr.

609 5141 786 5188 Baehr.
850 5143 909 5185 39
939 5143 1160 5197 eornioer
1188 5147 1333 5199 atque
1363 5152 1421 5197 Ω,
1447 5156 1567 5187 corr.
1605 5155 1692 5187 nos
1722 5141 1831 5187 coll.
1867 5140 1971 5187 Tib.
2009 5142 2059 5186 11
2090 5141 2134 5187 3.
2171 5142 2228 5186 11
2260 5156 2315 5200 sq

2316 5157 2363 5200 q.
2426 5143 2488 5184 42
2520 5144 2695 5187 uestris
2726 5151 2786 5197 Ω,
2812 5143 2957 5187 iustis
2987 5141 3162 5187 Baehr.
3227 5142 3375 5185 43-46
3404 5141 3484 5187 hic
3512 5141 3697 5188 alienos
3727 5157 3831 5189 esse

607 5203 774 5246 censet
796 5200 1001 5246 Housm.
1064 5201 1124 5243 43
1144 5206 1199 5246 ut
1220 5210 1256 5246 A
1275 5202 1327 5248 L.
1376 5200 1680 5246 veneraberis
1701 5201 1758 5245 Ο.
1823 5201 1883 5244 4⁷
1903 5205 1946 5245 et
1977 5199 2035 5247 Ο.
2099 5201 2158 5245 ⁸1
2188 5202 2384 5245 lumina
2405 5200 2464 5246 O.
2528 5201 2588 5244 5⁸
2616 5213 2751 5246 mona
2772 5200 2819 5246 N
2835 5215 2879 5246 v,
2925 5203 3151 5256 auriyero
3172 5209 3205 5245 Φ
3222 5200 3284 5246 N.
3328 5201 3483 5246 durae
3504 5202 3561 5248 O.
3627 5202 3689 5244 54
3711 5215 3829 5258 par·

608 5259 788 5315 'radah‘
809 5260 855 5304 D
872 5259 926 5313 F,
946 5261 1181 5316 parnasia
1201 5260 1255 5305 L.
1320 5261 1379 5302 55
1398 5265 1442 5306 et
1462 5269 1521 5305 Ω.

606 5331 741 5363 nunc
762 5318 822 5363 V.
887 5319 947 5361 59
982 5332 1123 5363 uerus
1143 5328 1201 5373 Ω,
1227 5333 1346 5364 corr.
1372 5333 1401 5363 v
1418 5332 1513 5375 mg.

607 5378 668 5421 85
680 5376 787 5434 fuit
807 5377 951 5422 utilis
970 5386 1029 5432 Ω,
1054 5391 1175 5422 corr.
1200 5377 1375 5424 Baehr.

1586 5261 1644 5303 56
1659 5261 1746 5316 pio
1766 5259 1814 5304 N
1832 5258 1867 5315 f,
1894 5263 1976 5304 tuo
1996 5260 2053 5306 O.
2119 5260 2178 5302 58
2197 5259 2410 5316 delapsis
2429 5258 2531 5304 cod.
2559 5258 2834 5313 Bernensis,
2854 5259 3064 5315 dilapsis
3084 5258 3182 5314 (ma
3204 5269 3241 5304 Δ
3263 5258 3321 5314 L)
3338 5269 3395 5305 Ω.
3441 5273 3510 5305 nu

1580 5319 1639 5361 82
1669 5318 1890 5363 Phoebus
1909 5317 2012 5363 cod.
2040 5318 2172 5364 Pass.
2198 5318 2329 5364 unde
2354 5318 2571 5363 Phoebas
2590 5319 2707 5375 ipse.
2751 5320 2843 5363 aut
2869 5318 3038 5363 habere
3056 5317 3211 5363 scribe
3230 5320 3319 5363 aut
3339 5319 3390 5363 in
3411 5319 3468 5361 ⁶1
3491 5318 3580 5364 tibi
3597 5333 3686 5376 pro
3706 5319 3825 5365 Ilia.

1498 5375 1621 5446 xlv·
1639 5377 1787 5435 priori
1808 5377 2065 5422 continuat
2086 5376 2133 5422 N
2138 5376 2172 5423 ¹.
2234 5377 2264 5420 8
2291 5377 2463 5422 laudes
2483 5386 2544 5434 Ω,
2567 5391 2687 5423 corr.
2712 5376 2946 5422 Auratus.
3011 5377 3040 5419 9
3072 5376 3332 5422 candentia
3353 5377 3608 5423 Gruterus.
3673 5377 3745 5432 1⁸,
3771 5378 3831 5422 1⁶

3512 5273 3694 5316 nquam
3714 5270 3747 5305 Φ
3764 5260 3827 5316 D,

605 5438 719 5493 post
738 5436 798 5479 10
817 5436 982 5493 posuit
1005 5436 1209 5481 Housm.
1234 5435 1319 5481 sed
1338 5435 1473 5481 locus
1493 5450 1555 5481 ne
1583 5450 1652 5480 sic
1678 5435 1874 5494 quidem
1905 5449 2054 5481 sanus
2081 5438 2170 5480 est.
2236 5436 2297 5479 14
2328 5435 2843 5490 flhkrmodoontiaeie
2864 5445 2901 5482 Δ
2919 5435 2980 5490 Ν,
3010 5435 3366 5481 Termodonteis
3387 5445 3434 5482 Φ.
3482 5436 3687 5481 leuatur
3706 5436 3745 5481 F
3761 5435 3825 5494 N,

604 5499 826 5550 navatur-
844 5494 1013 5540 Heins.
1080 5494 1138 5537 17
1158 5497 1325 5540 arenis
1340 5494 1562 5550 Volscus,
1587 5495 1786 5540 habenis
1806 5495 1869 5550 N,
1894 5494 2085 5539 athenis
2105 5493 2163 5539 Ο.
2228 5494 2287 5537 19
2306 5507 2473 5550 capere

2492 5508 2652 5541 arma.
2693 5508 2838 5541 arma
2858 5493 2912 5551 L,
2937 5499 3132 5541 amata
3155 5504 3209 5552 A,
3234 5499 3302 5542 est
3321 5499 3518 5540 armata
3536 5494 3591 5542 F.
3635 5495 3832 5551 capillis

608 5553 666 5599 Ο.
732 5553 791 5596 28
821 5567 980 5599 emnae
1000 5552 1257 5611 canterus,
1281 5554 1415 5600 domi
1435 5563 1495 5601 Ω.
1559 5554 1620 5598 80
1642 5555 1727 5600 uia
1746 5567 1777 5597 v
1795 5552 1858 5609 N,
1883 5558 1970 5599 tua
1990 5554 2038 5598 D
2055 5552 2101 5598 V
2119 5551 2193 5610 (2),
2218 5555 2319 5600 tria
2340 5552 2394 5610 L,
2418 5549 2518 5599 vti-a
2537 5552 2592 5601 F.
