4890 6561
1671 470 1839 522 SEX.
1891 469 2280 523 PROPERTI
2319 470 2470 523 LIB.
2520 472 2616 525 IV
2650 472 2752 538 [V]
3755 481 3820 531 39

623 704 635 716 ·
652 637 914 690 clamabis
937 637 1106 714 capiti
1129 636 1263 689 uina
1284 636 1495 713 subisse
1519 653 1658 690 meo.
1832 702 1845 715 ·
2090 651 2156 703 30
2256 637 2559 715 Craugidos
2573 642 2629 691 et
2643 638 2860 715 catulae
2877 654 2986 715 uox
3001 643 3085 691 est
3101 639 3232 691 mihi
3250 645 3411 706 grata
3428 641 3731 708 querentis:
3754 655 3782 708 5
3790 653 3817 706 5

587 701 1881 843 ⁰¹ssffi.‘³e0¹}¹¹1213¹²0;‘153‘..iffiffiffsssszssss‘ss‘dfiffifu·
2255 703 2770 821 ...tlssbffiflzztzssfflss
2785 703 3489 835 {staeffafffffflm
3750 709 3818 836 ἐξ

588 834 833 885 cassibus
855 832 1108 899 inpomtis
1130 848 1332 884 uenor:
1369 832 1465 884 sed
1488 831 1792 885 harundine
1814 836 2036 899 sumpta
2322 838 2378 885 et
2401 833 2568 899 Tyria
2590 833 2647 884 in
2670 833 2883 900 gladios
2905 834 3111 886 uellera
3132 840 3284 887 secta
3305 851 3430 886 suos
3454 855 3469 897 ς
3753 852 3818 901 34

650 898 837 950 fautor
859 898 1106 964 plumoso
1126 914 1249 949 sum
1271 896 1405 948 deus
1428 897 1675 964 aucupio,
2255 912 2415 963 cogor
2436 903 2496 949 et
2517 914 2547 949 e
2569 898 2764 950 tabula
2820 899 2958 950 ictos
2980 898 3215 951 ediscere
3239 900 3487 963 mundos,
3754 915 3815 965 37

585 968 672 1015 est
694 964 866 1015 etiam
887 963 1111 1028 aurigae
1132 963 1338 1038 species
1363 963 1697 1015 Vertumnus
1720 966 1777 1013 et
1798 962 1934 1025 eius,
2092 974 2153 1027 35
2359 962 2500 1014 ualis
2523 967 2580 1014 et
2602 962 2735 1015 haec
2757 915 2905 1015 dpocti
2927 964 3002 1015 sit
3025 964 3270 1029 positura
3294 965 3400 1027 dei,
3754 968 3816 1030 38

652 1028 841 1080 traicit
863 1028 1077 1079 alterno
1099 1044 1194 1093 qu1
1221 1027 1344 1078 leue
1367 1027 1578 1093 pondus
1602 1044 1756 1094 equo.
2255 1031 2315 1079 et
2375 1028 2502 1089 iscO,
2530 1044 2640 1093 qua
2662 1033 2818 1094 parte
2841 1027 2979 1080 fluat
3001 1028 3302 1080 uincendus
3326 1031 3557 1092 Araxes,
3753 1044 3817 1097 35

587 1098 867 1159 suppetat,
895 1092 995 1144 hoc
1019 1093 1189 1158 pisces
1212 1091 1423 1144 calamo
1447 1091 1761 1158 praedabor,
1788 1096 1847 1145 et
1869 1092 1959 1143 ibo
2320 1096 2458 1158 quot
2480 1092 2598 1144 sine
2621 1109 2767 1159 aqua
2790 1093 3026 1145 Parthus
3050 1093 3203 1145 milia
3224 1104 3411 1147 currat
3433 1112 3584 1161 equs,

654 1158 892 1209 mundus
916 1158 1165 1209 demissis
1188 1157 1410 1209 institor
1431 1157 1488 1208 in
1515 1157 1729 1209 tunicis.
2257 1173 2397 1224 quae
2422 1157 2586 1208 tellus
2609 1158 2682 1208 sit
2707 1157 2858 1209 lenta
2878 1157 3023 1224 gelu,
3049 1175 3193 1225 quae
3253 1159 3390 1210 utris
3413 1160 3484 1211 ab
3506 1164 3682 1222 aestu,
3754 1174 3819 1224 39

590 1230 782 1299 pastor
799 1238 956 1299 onem
980 1222 1051 1273 ad
1077 1221 1331 1299 baculum
1356 1238 1574 1287 possum
1597 1238 1802 1284 curare,
1829 1221 1920 1273 uel
1943 1221 2088 1273 idem
2320 1227 2523 1298 uentus
2545 1222 2602 1273 in
2629 1222 2848 1274 Italiam
2872 1224 2968 1299 qui
2991 1223 3128 1275 bene
3151 1241 3219 1300 ue
3241 1240 3276 1275 a
3298 1223 3455 1301 ferat.
3750 1241 3818 1288 40

589 1286 1752 1427 ..⁸1¹11‘ssff,¹²‹¹,¹30¹.¹1'‘}i¹‚1311¹33¹3522⁶2fssffoefflffi
1765 1367 1970 1414 omnes,
2088 1301 2156 1415 ’ἐξ
2256 1286 3045 1419 ωεέῗὲᾄᾞιῧιῗέἷὲἷίἒιῖῗὸὲξ
3065 1288 3486 1405 Ξὲΐῖῗοῗέἑω

656 1434 852 1468 nomen
877 1416 950 1468 ab
972 1423 1174 1468 euentu
1198 1417 1380 1483 patria
1399 1417 1476 1467 hn
1555 1432 1590 1467 a
1612 1417 1780 1468 dedit.
2088 1417 2153 1479 48
2256 1415 2308 1468 fe
2334 1433 2389 1467 ix
2417 1417 2717 1493 Hippolyte
2738 1424 2750 1468 l
2784 1418 2935 1468 nuda
2954 1417 3091 1469 tulit
3112 1434 3265 1469 arma
3289 1418 3494 1485 papilla

590 1498 687 1534 sex
701 1487 965 1548 superant
977 1498 1193 1533 uersus:
1229 1486 1304 1541 te,
1327 1481 1422 1557 qui
1540 1482 1853 1533 uadimonia
1875 1480 2063 1543 curris,
2092 1495 2154 1546 57
2320 1486 2377 1532 et
2400 1486 2543 1533 texrt
2565 1482 2726 1547 galea
2749 1481 2978 1533 barbara
3004 1482 3164 1534 molle
3186 1487 3366 1549 caput.

654 1563 764 1597 non
789 1563 997 1598 moror:
1034 1546 1167 1598 hoec
1188 1546 1384 1612 spatiis
1408 1546 1606 1597 ultima
1628 1552 1777 1598 creta
1802 1546 1953 1598 meis.
2259 1546 2519 1598 Romanis
2542 1547 2756 1598 utinam
2780 1547 3089 1614 patuissent
3111 1553 3293 1599 castra
3316 1548 3510 1614 puellis
3534 1554 3546 1600 l
3754 1561 3818 1614 45

590 1612 761 1678 stipes
784 1628 1009 1663 acernus
1032 1627 1198 1672 eram,
1225 1612 1535 1677 properanti
1558 1611 1697 1663 falce
1719 1611 1957 1674 dolatae,
2322 1627 2494 1663 essem
2519 1612 2753 1663 militiae
2775 1612 2989 1663 sarcina
3010 1612 3122 1664 fida
3144 1617 3273 1665 tuae
3300 1632 3315 1674 ς

653 1682 786 1728 ante
810 1676 1049 1727 Numam
1072 1682 1234 1752 grata
1255 1692 1460 1742 pauper
1479 1676 1538 1727 in
1566 1677 1694 1727 urbe
1717 1676 1866 1728 dene.
2090 1676 2157 1727 60
2257 1692 2356 1728 nec
2379 1692 2466 1727 me
2489 1677 2774 1728 tardarent
2797 1677 2865 1729 Sc
2904 1677 3056 1729 thiae
3077 1678 3225 1741 iuga,
3254 1694 3377 1728 cum
3404 1678 3566 1730 Pater
3588 1677 3732 1730 altas

591 1746 654 1793 at
675 1741 798 1802 tibi,
824 1742 1110 1802 Mamurrr,
1136 1741 1341 1792 formae
1366 1740 1605 1792 caelator
1626 1741 1853 1804 ahenae,
2322 1741 2502 1792 acrius
2525 1744 2581 1792 in
2605 1741 2835 1807 glaciem
2884 1742 3058 1808 rigore
3081 1743 3256 1793 nectit
3277 1757 3465 1809 aquas.

659 1806 824 1858 tellus
847 1806 1084 1858 artifices
1105 1822 1175 1857 ne
1199 1809 1344 1857 terat
1368 1807 1510 1858 Osca
1533 1822 1744 1867 manus,
2257 1806 2433 1857 omnis
2458 1822 2608 1857 amor
2632 1823 2879 1872 magnus,
2905 1807 3002 1858 sed
3023 1812 3179 1873 rapto
3201 1807 3258 1858 in
3282 1807 3509 1874 coniuge
3533 1808 3736 1859 maior:

592 1871 687 1938 qui
711 1888 796 1922 me
820 1876 936 1922 tam
958 1871 1147 1922 docilis
1170 1871 1402 1937 potuisti
1423 1870 1649 1922 fundere
1672 1870 1730 1921 in
1753 1886 1900 1921 usus.
2322 1870 2464 1922 hanc
2489 1871 2693 1933 Venus,
2721 1876 2786 1923 ut
2809 1872 2984 1933 uiuat,
3011 1872 3251 1923 uentilat
3272 1872 3391 1938 ipsa
3414 1871 3606 1923 facem.
3759 1885 3822 1937 50

658 1952 829 1987 unum
853 1952 988 2002 opus
1011 1940 1113 1998 est,
1140 1936 1287 2003 operi
1309 1951 1418 1987 non
1441 1935 1607 1987 datur
1630 1952 1772 1987 unus
1796 1935 1981 1987 honos.
2258 1952 2387 1995 nam
2409 1936 2545 1987 mihi
2568 1952 2676 2001 quo
2700 1936 2896 1988 Poenis
2919 1952 3065 1987 nunc
3089 1953 3328 2003 purpura
3348 1936 3559 2003 fulgeat
3582 1937 3743 1989 ostris

2323 2000 2726 2077 crystallusque
2750 2017 2899 2053 meas
2922 2006 3077 2077 ornet
3099 2018 3305 2068 aquosa
3329 2008 3561 2054 manus!
3619 2066 3632 2078 ⁶

2257 2082 2443 2117 omma
2463 2066 2629 2117 surda
2649 2070 2852 2127 tacent,
2880 2082 3122 2132 rarisque
3145 2066 3374 2118 adsueta
3398 2067 3664 2119 Kalendis

1332 2140 1420 2192 111
2325 2131 2423 2181 uix
2447 2146 2482 2182 a
2552 2130 2623 2181 rit
2645 2130 2858 2182 clausos
2882 2147 2994 2182 una
3016 2131 3200 2197 puella
3223 2132 3401 2182 Lares.

2258 2196 2376 2247 siue
2398 2195 2457 2247 in
2502 2195 2716 2247 'nitimo
2737 2195 2948 2261 gemuit
2964 2202 3117 2247 stans
3141 2201 3342 2248 noctua
3364 2196 3535 2262 tigno,
3759 2209 3823 2261 59

594 2256 747 2307 Haec
770 2254 1050 2307 Arethusa
1072 2271 1172 2306 suo
1195 2254 1371 2306 mittit
1395 2253 1657 2306 mandata
1682 2254 1938 2321 Lycotae,
2324 2276 2420 2311 seu
2445 2259 2624 2311 uoluit
2647 2261 2800 2325 tangi
2895 2276 2987 2312 rca
3009 2260 3231 2312 lucerna
3253 2277 3416 2323 mero,
3758 2267 3824 2313 60

658 2338 782 2372 cum
805 2321 1010 2372 totiens
1032 2320 1178 2371 absis
1200 2320 1248 2371 si
1272 2325 1427 2386 potes
1451 2335 1568 2370 esse
1593 2335 1761 2370 meus·
2260 2324 2359 2376 illa
2379 2324 2497 2376 dies
2519 2325 2703 2376 hornis
2862 2341 2946 2377 em
2972 2325 3264 2377 denuntiat
3287 2326 3461 2392 agnis,

592 2385 640 2437 si
680 2402 755 2437 ua
776 2392 961 2437 tamen
987 2385 1088 2435 tibi
1113 2385 1320 2436 lecturo
1343 2401 1467 2450 pars
1490 2384 1665 2435 oblita
1689 2384 1880 2445 deerit,
2325 2389 2697 2457 succinctique
2719 2389 2900 2442 calent
2922 2390 2993 2441 ad
3017 2407 3161 2442 noua
3185 2390 3337 2442 lucra
3359 2406 3544 2457 popae.

699 2467 795 2502 wc
818 2451 923 2526 erit
945 2466 974 2502 e
999 2450 1235 2501 lacrimis
1257 2450 1406 2526 facta
1427 2449 1597 2500 litura
1618 2449 1785 2501 meis:
2261 2454 2390 2506 flore
2413 2454 2616 2507 sacella
2636 2459 2780 2521 teg0‚
2808 2455 3060 2507 uerbenis
3082 2472 3200 2507 com
3238 2456 3322 2507 ita
3340 2455 3481 2518 uelo,
3762 2468 3823 2521 57

594 2531 657 2567 ac
681 2516 841 2581 siqua
862 2520 1067 2566 incerto
1091 2515 1249 2566 fallet
1271 2520 1329 2566 te
1353 2514 1542 2566 littera
1565 2518 1764 2574 tractu,
2130 2524 2157 2578 5
2328 2526 2384 2571 et
2406 2526 2592 2586 crepat
2612 2520 2684 2571 ad
2709 2525 2922 2572 ueteres
2948 2520 3115 2571 herba
3137 2521 3211 2572 Sa
3249 2521 3341 2572 ina
3362 2519 3525 2572 focos.
3763 2523 3824 2585 58

596 2579 1929 2709 ι.ΒέἒέοἙξέἓηῖἓῗᾎᾭῖῗῶεἪὲὲῖῗὲξὲῧῗῖῐω
2261 2585 3555 2701 Μέὲῗέἓὲὀῗέτῗιίᾟέἒὲἒίῆἕέοὲῗέωὼ’
3762 2589 3825 2651 ⁶³

1933 2680 1948 2705 2
3346 2689 3359 2711 ²

661 2714 719 2761 te
743 2710 901 2760 modo
923 2710 1137 2761 munito
1159 2709 1372 2761 Sericus
1396 2708 1569 2760 hostis
1591 2724 1747 2774 equ0‚
2263 2666 2521 2780 pluuPbea
2542 2730 2665 2765 cum
2690 2719 2867 2766 tortae
2890 2720 3219 2780 sparguntur
3242 2714 3480 2781 pondera
3501 2714 3722 2777 fundae,
3761 2718 3824 2781 65

597 2774 917 2841 hibernique
940 2775 1133 2835 Getae,
1160 2775 1245 2841 pic
1343 2790 1412 2825 ue
1438 2773 1725 2824 Britannia
1747 2788 1925 2834 curru,
2329 2778 2590 2829 subdolus
2612 2785 2670 2830 et
2693 2779 2864 2830 uersis
2886 2779 3129 2845 increpat
3152 2795 3309 2831 arcus
3332 2780 3502 2845 equis.

663 2844 859 2890 tunsus
882 2844 939 2891 et
962 2840 1079 2891 an
1100 2839 1313 2891 decolor
1366 2839 1507 2889 ndus
1529 2853 1689 2904 aqua.
1786 2894 1791 2901 ,
2105 2851 2164 2889 10
2263 2844 2357 2895 sed
2384 2848 2507 2905 (tua
2528 2844 2604 2895 sic
2627 2844 2848 2895 domitis
2873 2843 3109 2896 Parthae
3132 2843 3343 2895 telluris
3365 2844 3604 2896 alumnis

596 2903 802 2956 haecne
857 2904 1058 2980 marita
1111 2904 1281 2956 fides?
1334 2909 1497 2970 pacta
1551 2902 1686 2954 haec
1743 2901 1879 2954 mihi
1923 2902 2164 2968 praemia
2330 2924 2468 2974 pura
2489 2909 2889 2974 triumphantes
2913 2908 3074 2960 hasta
3096 2912 3357 2975 sequatur
3378 2914 3567 2976 equos)

796 2976 989 3031 noctis,
2263 2972 2579 3039 incorrupta
2601 2974 2709 3025 mei
2731 2989 2992 3025 conserua
3015 2973 3234 3025 foedera
3258 2974 3384 3025 lecti
3405 2995 3417 3025 ι

663 3049 788 3085 cum
811 3034 960 3084 rudis
986 3033 1203 3100 urgenti
1227 3032 1479 3084 bracchia
1502 3032 1654 3085 uicta
1674 3031 1841 3083 dedi?
2329 3037 2431 3089 hac
2454 3054 2555 3103 ego
2577 3045 2634 3090 te
2657 3037 2772 3090 sola
2794 3038 2913 3103 lege
2935 3038 3137 3090 redisse
3159 3038 3325 3090 uelim
3349 3059 3362 3090 ι
3763 3051 3828 3103 70

600 3114 741 3165 quae
765 3098 897 3149 mihi
922 3099 1189 3150 deductae
1212 3098 1306 3149 fax
1331 3114 1488 3149 omen
1513 3096 1789 3163 praetulit,
1817 3096 1916 3149 illa
2264 3117 2526 3169 annaque
2549 3119 2674 3154 cum
2698 3103 2874 3154 tulero
2898 3110 3086 3169 portae
3109 3103 3303 3155 uotiua
3326 3104 3596 3169 Capenae,

665 3164 841 3216 traxit
862 3162 934 3215 ab
955 3180 1144 3215 euerso
1167 3164 1377 3214 lumina
1398 3163 1554 3229 nigra
1577 3177 1705 3226 rpgo
1729 3181 1742 3222 ς
2328 3168 2667 3220 subscribam
2690 3179 2879 3220 sanvo
2913 3179 3118 3220 cnam
3151 3180 3383 3221 svamm
3416 3180 3575 3221 v1ao.

600 3233 659 3280 et
682 3229 874 3295 Stygio
896 3245 1019 3280 sum
1043 3245 1230 3296 sparsa
1251 3227 1393 3290 lacu,
1420 3243 1518 3279 nec
1542 3232 1692 3278 recta
1713 3225 1925 3293 capillis
2105 3237 2161 3292 15

667 3295 812 3346 uitta
835 3295 969 3346 data
991 3299 1076 3346 est
1099 3315 1111 3345 :
1147 3294 1307 3360 nupsi
1331 3310 1439 3346 non
1463 3292 1759 3344 comitante
1782 3292 1897 3343 deo.

602 3359 853 3411 omnibus
879 3360 984 3410 heu
1009 3359 1178 3426 portis
1204 3359 1441 3435 pendent
1463 3374 1586 3409 mea
1609 3358 1776 3408 noxia
1796 3362 1931 3408 uota
1953 3376 1966 3409 :
3008 3376 3092 3428 1v

668 3425 877 3476 texitur
898 3424 1032 3476 haec
1055 3429 1247 3475 castris
1271 3429 1472 3491 quarta
1495 3423 1713 3474 lacerna
1734 3422 1863 3474 tuis.

602 3489 833 3551 occidat,
860 3489 1118 3540 inmerita
1178 3489 1235 3540 ui
1256 3489 1458 3554 carpsit
1479 3488 1552 3539 ab
1574 3487 1762 3539 arbore
1787 3486 1997 3538 uallum
2267 3488 2312 3539 T
2445 3488 2560 3539 ium
2585 3504 2774 3540 nemus
2797 3492 2856 3541 et
2878 3489 3164 3555 Tarpeiiae
3186 3493 3348 3555 turpe
3370 3489 3717 3556 sepulchrum

669 3559 727 3605 et
748 3555 954 3606 struxit
976 3570 1148 3620 queru
1171 3570 1231 3604 as
1254 3569 1420 3605 rauca
1443 3569 1537 3618 per
1560 3568 1684 3602 ossa
1704 3552 1886 3614 tubas,
2102 3566 2168 3604 20
2333 3553 2389 3603 fa
2463 3570 2489 3603 r
2511 3559 2568 3604 et
2590 3554 2806 3619 antiqui
2830 3554 3022 3605 limina
3044 3559 3206 3621 capta
3231 3555 3392 3605 Iouis.

603 3619 819 3686 dignior
841 3619 1061 3686 obliquo
1084 3618 1271 3670 funem
1295 3619 1389 3684 qui
1414 3622 1668 3683 torqueat
1692 3619 1859 3678 Ocn0,
2267 3617 2398 3684 quid
2422 3623 2541 3668 tum
2562 3619 2737 3669 Roma
2759 3618 2886 3681 fuit,
2913 3619 3133 3671 tubicen
3156 3619 3340 3670 uicina
3363 3618 3570 3671 Curitis
3798 3635 3832 3684 9

669 3689 1032 3750 aeternusque
1054 3689 1210 3735 tuam
1234 3687 1439 3748 pascat,
1466 3681 1650 3743 aselle,
1676 3682 1893 3733 famem.
2332 3699 2457 3733 cum
2481 3688 2734 3749 quateret
2756 3682 2907 3734 lento
2928 3699 3203 3735 murmure
3224 3700 3361 3735 saxa
3386 3684 3531 3735 Iouis
3550 3690 3570 3736 ἲ
3771 3700 3833 3736 10

604 3748 692 3800 dic
714 3748 868 3809 mihi,
896 3755 1265 3825 num-teneros
1288 3747 1399 3798 urit
1423 3746 1588 3823 lorica
1611 3746 1877 3798 lacertos?
1897 3816 1918 3847 9
2268 3764 2460 3823 murus
2479 3753 2637 3799 erant
2658 3753 2904 3824 montes:
2941 3749 3035 3825 ubi
3058 3765 3203 3799 nunc
3226 3754 3311 3800 est
3332 3749 3485 3801 curia
3506 3754 3715 3816 saepta,
3770 3764 3829 3814 13

603 3812 2037 3944 ...¹33sssssssslfflffiessfflssssffflffffzan.
2102 3891 2132 3927 2
2138 3888 2165 3942 s
2268 3812 2889 3929 ...¹33¹ss‘32s213235533
2901 3813 3371 3945 Jssffibssssfflssfflk
3393 3894 3603 3941 memo,
3772 3830 3831 3942 ¹ss

670 3943 764 3994 det
788 3943 923 3994 mihi
947 3942 1235 4009 plorandas
1258 3959 1353 4008 per
1375 3951 1475 3994 tua
1499 3941 1639 3993 colla
1661 3946 1834 3993 notas.
2336 3942 2554 4008 fidaque
2577 3949 2836 4008 suggesta
2856 3947 3038 3994 castra
3059 3949 3281 3995 coronat
3343 3959 3504 4004 umo;
3799 3945 3832 3994 8

604 4008 798 4060 diceris
821 4013 878 4059 et
902 4008 1072 4059 macie
1098 4007 1317 4058 uultum
1340 4012 1598 4058 tenuasse
1620 4027 1633 4059 ι
1669 4006 1764 4076 sed
1788 4011 1935 4072 opto,
2269 4011 2437 4073 atque
2462 4007 2557 4058 ubi
2580 4024 2723 4058 nunc
2747 4008 2904 4059 terris
2927 4008 3184 4059 dicuntur
3206 4008 3328 4059 iura
3347 4007 3606 4070 subactis,
3773 4023 3792 4059 1
3807 4024 3826 4060 1

670 4088 701 4125 e
723 4072 993 4124 desiderio
1015 4072 1090 4124 sit
1112 4072 1257 4123 color
1278 4072 1383 4123 iste
1409 4087 1544 4122 meo.
2334 4071 2560 4123 stabant
2583 4072 2830 4123 Romano
2853 4072 2965 4138 pila
2987 4073 3193 4124 Sabina
3214 4072 3344 4124 foro.
3772 4088 3831 4125 12

605 4141 667 4189 at
688 4138 826 4189 mihi
848 4154 972 4188 cum
997 4142 1183 4188 noctes
1207 4137 1428 4188 induxit
1452 4136 1657 4202 Vesper
1679 4149 1912 4198 amaras,
2269 4136 2426 4188 lucus
2450 4140 2572 4188 erat
2594 4136 2726 4188 felix
2750 4137 3008 4189 hederoso
3029 4138 3281 4189 conditus
3304 4142 3481 4198 antro,
3802 4153 3831 4202 3

669 4203 829 4269 siqua
850 4202 1039 4253 relicta
1059 4203 1259 4263 iacent,
1285 4201 1496 4252 osculor
1518 4218 1671 4252 arma
1694 4208 1806 4252 tua.
2102 4215 2169 4265 30
2336 4201 2621 4267 multaque
2643 4201 2849 4253 natiuis
2870 4203 3137 4269 obstrepit
3158 4203 3317 4254 arbor
3339 4203 3515 4269 aquis,

604 4271 723 4319 tum
748 4284 941 4344 queror
962 4267 1019 4318 in
1044 4273 1163 4318 toto
1185 4283 1292 4318 non
1316 4266 1493 4318 sidere
1515 4265 1684 4332 pallia
1708 4266 1863 4327 lect0,
2270 4265 2484 4318 Siluani
2507 4282 2722 4318 ramosa
2745 4267 2954 4328 domus,
2981 4284 3090 4334 quo
3113 4267 3287 4319 dulcis
3310 4268 3381 4320 ab
3402 4273 3563 4320 aestu
3802 4281 3829 4333 5

669 4332 807 4385 lucis
830 4337 886 4385 et
909 4338 1156 4384 auctores
1179 4348 1287 4382 non
1309 4331 1440 4383 dare
1462 4347 1679 4383 carmen
1702 4347 1849 4382 aues.
2336 4330 2525 4383 fistula
2546 4336 2773 4399 poturas
2795 4332 2873 4384 ire
2895 4332 3122 4385 iubebat
3143 4348 3289 4385 oues.

724 4510 791 4554 lv
822 4510 881 4554 81
911 4511 1050 4556 achei
1079 4519 1138 4564 52,
1163 4524 1282 4555 corr.
1320 4508 1453 4555 Itali.
1518 4510 1578 4552 84
1598 4506 1755 4565 fauor
1783 4507 1846 4565 N,
1873 4506 2067 4565 faunor-
2094 4517 2143 4565 Φ,
2174 4506 2370 4565 faunus
2391 4518 2444 4566 A,
2479 4523 2600 4555 corr.
2637 4508 2891 4566 Rossberg.
2955 4510 3015 4552 88
3041 4514 3109 4554 est
3142 4510 3301 4554 etiam.
3362 4511 3574 4555 mentiar
3604 4509 3830 4566 Housm..

609 4570 726 4616 fort.
763 4572 1011 4616 asciscam.
1067 4569 1357 4614 Vertumnus
1390 4570 1688 4625 suspectum,
1726 4567 1841 4614 fort.
1882 4582 1992 4614 cum
2022 4568 2225 4613 uerbere.
2270 4573 2315 4614 et
2345 4569 2448 4613 elus
2481 4579 2538 4614 Ω.
2604 4567 2663 4611 89
2689 4573 2861 4625 pastor
2889 4581 3026 4614 ouem
3060 4567 3286 4624 Huleatt,
3315 4573 3556 4624 pastorem
3576 4577 3635 4626 52,
3665 4574 3838 4626 pastor

607 4642 949 4675 *mc—curuare
968 4628 1080 4684 (hoc
1102 4627 1155 4682 τ)
1174 4628 1443 4685 Ayrmann,
1469 4626 1567 4673 alia
1596 4626 1694 4673 alii.
1759 4628 1819 4671 4⁷
1842 4631 1895 4672 at
1917 4636 1975 4681 Ω,
2000 4628 2070 4672 sio
2091 4625 2165 4671 ed.
2189 4626 2342 4671 Annii
2363 4625 2702 4682 viterbiensis,
2728 4626 2842 4672 fort.
2868 4631 2925 4672 et.
2989 4627 3050 4670 48
3069 4628 3270 4672 nomina
3301 4626 3554 4672 Vertumni
3574 4627 3830 4684 Schrader,

605 4688 693 4734 sed
722 4686 968 4733 distichon
998 4687 1193 4744 Guyeto
1223 4700 1321 4731 non
1351 4685 1531 4732 iniuria
1559 4688 1855 4743 suspectum.
1932 4685 1991 4729 81
2021 4687 2237 4730 mamm-i
2267 4694 2320 4731 A.
2393 4686 2452 4729 82
2481 4699 2555 4730 me
2585 4686 2642 4730 O.
2708 4686 2767 4729 88
2800 4685 2930 4743 quod
2965 4695 3002 4730 Δ
3021 4685 3074 4739 L,
3113 4690 3229 4742 quot
3257 4685 3452 4740 Baehr.,
3491 4683 3598 4742 (tot)
3632 4687 3835 4732 docilem

611 4747 831 4802 Hertzb.,
857 4746 920 4792 cf.
948 4746 1076 4792 Stat.
1104 4745 1225 4792 Silu.
1252 4744 1302 4790 11
1323 4745 1367 4790 2.
1393 4744 1466 4790 53.
1531 4746 1591 4788 64
1619 4758 1740 4802 opus
1769 4745 1834 4801 N,
1867 4757 1986 4790 usus
2006 4742 2063 4790 O.
2188 4742 2261 4786 ΠΙ
2290 4744 2318 4787 1
2349 4742 2677 4799 Ηανστ(1ι)αεα
2698 4753 2730 4788 Φ
2748 4744 2795 4789 N
2823 4757 2917 4789 om.
2953 4744 3103 4789 Haec.
3168 4745 3199 4788 8
3222 4748 3275 4789 at
3308 4752 3355 4799 Φ,
3391 4749 3478 4789 aut
3510 4745 3621 4790 NV
3651 4745 3704 4790 iu
3734 4759 3830 4792 ras.

608 4807 638 4850 '1
668 4806 852 4851 Bactra
883 4804 1087 4860 (blacan
1108 4803 1173 4860 Ο)
1197 4818 1247 4861 p.
1274 4817 1315 4849 0.
1341 4817 1437 4849 om.
1463 4803 1525 4849 N.
1590 4803 1620 4846 8
1648 4806 1872 4849 munitm
1901 4812 1959 4859 Ω,
1995 4816 2117 4848 corr.
2151 4801 2434 4848 Beroaldus.
2481 4803 2672 4850 Sericus
2702 4802 2787 4859 id„
2818 4802 3014 4848 het-abus
3042 4812 3075 4848 Φ
3092 4803 3155 4858 N,
3180 4803 3410 4860 henricus
3429 4802 3492 4859 V,
3517 4804 3746 4850 hernicus
3766 4804 3830 4861 D,

609 4865 861 4910 Nem-iem
891 4862 1061 4910 Jacob.
1125 4864 1155 4907 9
1187 4864 1448 4918 Hyrcania
1480 4862 1686 4909 Housm.
1735 4863 1882 4908 uultu
1914 4861 2169 4917 Schrader,
2204 4861 2319 4908 fort.
2350 4864 2760 4919 ριάαᾳ.-τιίνρα.
2825 4862 2886 4905 10
2914 4860 3127 4918 tamnus
3153 4862 3379 4918 Housm„
3414 4868 3552 4908 astus
3572 4872 3629 4909 Ω.
3674 4863 3836 4909 Eoo—

609 4937 729 4979 equo
760 4923 1016 4969 Gruterus.
1062 4922 1160 4967 dec.
1190 4921 1345 4977 Pasa,
1370 4922 1488 4967 disc.
1514 4931 1573 4967 Ω.
1644 4922 1702 4965 11
1733 4921 1806 4968 ita
1825 4935 1914 4967 noc
1934 4923 2200 4979 praeeunte
2228 4920 2433 4967 Housm.
2479 4921 2562 4979 qui
2593 4925 2637 4966 et
2662 4923 2855 4978 primae
2869 4922 3094 4977 mnemia
3124 4936 3171 4966 n.
3198 4921 3340 4977 coni.,
3375 4926 3420 4967 et
3446 4931 3594 4977 parce
3623 4923 3744 4967 auia
3766 4922 3830 4979 N,

610 4986 655 5027 et
681 4987 885 5039 pacatae
913 4982 1040 5027 mihi
1071 4990 1121 5037 Φ,
1155 4981 1246 5026 hac
1273 4985 1387 5026 cunc
1419 4985 1588 5036 pactae
1618 4981 1745 5025 mihi
1776 4990 1831 5026 A.
1876 4978 2103 5037 (aaudia)
2134 4981 2286 5025 noctis
2312 4978 2501 5035 MuelL,
2537 4985 2694 5025 noctes
2724 4989 2782 5025 Ω.
2847 4980 2906 5024 18
2935 4981 3046 5024 uita
3077 4981 3134 5026 O.
3200 4981 3258 5023 21
3288 4994 3403 5027 oeno
3434 4980 3490 5026 Ο.
3557 4981 3617 5024 28
3645 4995 3766 5027 num
3786 4996 3832 5037 v,

610 5041 731 5086 dum
761 5050 820 5087 Ω.
875 5053 958 5086 uu.
997 5040 1056 5084 29
1088 5053 1193 5098 sqq.
1234 5038 1352 5085 ordo
1383 5038 1700 5096 perturbatus
1734 5042 1824 5085 est.
1890 5039 2037 5083 87-38
2067 5041 2184 5084 ante
2216 5039 2276 5081 88
2308 5041 2493 5096 transp.
2529 5037 2765 5094 Broukh.,
2790 5039 2938 5082 66-66
2968 5041 3085 5084 ante
3115 5039 3174 5082 88
3206 5039 3431 5094 Housm.,
3463 5040 3611 5084 87-88
3640 5044 3752 5098 post
3780 5041 3839 5084 82

612 5098 819 5145 Housm.
889 5100 949 5142 84
983 5099 1155 5145 radios
1182 5114 1230 5154 ς,
1261 5098 1427 5143 clauos
1460 5096 1662 5153 (—tuos)
1691 5097 1796 5143 cod.
1837 5097 1971 5144 Pasa.
2012 5096 2127 5143 fort.
2163 5111 2279 5143 uere
2308 5097 2350 5143 si
2380 5111 2467 5143 ruo
2496 5110 2585 5155 pro
2615 5111 2725 5143 suos
2760 5097 2930 5153 legeris
2964 5097 3094 5156 quod
3125 5098 3252 5144 coni.
3289 5097 3540 5156 Rossberg.
3606 5100 3665 5143 87
3695 5113 3841 5144 conor

610 5157 826 5205 Broukh.
890 5159 950 5202 88
979 5158 1143 5203 educti
1171 5170 1207 5204 ε.
1242 5171 1294 5214 p.
1335 5156 1441 5202 Dan·
1470 5155 1660 5210 (debuit
1694 5155 1851 5212 Dani)
1886 5155 2025 5210 Ellis,
2065 5156 2239 5202 Dahae
2267 5156 2365 5202 iam
2398 5156 2623 5210 Hoeufft,
2655 5157 2827 5202 Arctoi
2858 5169 2894 5202 ε.
2914 5170 2966 5213 p.
2991 5157 3083 5202 soli
3111 5156 3363 5202 Fonteiae.
3426 5158 3487 5201 48
3517 5159 3685 5204 acrius
3704 5157 3836 5203 dedi·

611 5230 721 5262 mus
741 5232 829 5275 pro
850 5216 1141 5274 Af(j)ricus
1170 5226 1229 5272 Ω,
1264 5216 1349 5261 sed
1381 5215 1496 5261 fort.
1531 5215 1727 5273 scripsit
1757 5215 1898 5272 Prop.
1933 5216 2157 5261 aethriuc
2186 5214 2287 5271 (uel
2313 5214 2578 5270 aethrione)
2608 5215 2920 5272 graeciscam,
2942 5216 3150 5261 aetheris
3179 5215 3367 5271 Muell„
3393 5217 3600 5262 caelicus
3626 5217 3834 5263 Housm.

609 5277 671 5320 4⁹
689 5281 831 5333 mpeo
852 5278 907 5321 in
938 5274 1213 5333 Schippers‚
1237 5279 1404 5332 aperto
1432 5276 1487 5319 in
1512 5284 1571 5329 52,
1602 5277 1658 5319 in
1680 5289 1713 5319 a
1812 5273 1916 5320 cod.
1952 5273 2085 5321 Pasa.
2150 5274 2210 5318 81
2243 5289 2374 5319 nunc
2396 5274 2624 5330 Housm„
2649 5279 2693 5320 te
2713 5273 2775 5324 N.
2803 5275 2892 5320 tibi
2912 5275 2970 5321 O.
3034 5276 3093 5318 82
3124 5280 3235 5321 tuas
3254 5289 3295 5321 0.
3323 5275 3380 5321 Ο.
3445 5276 3505 5319 88
3526 5289 3635 5332 -que
3653 5289 3748 5322 om.
3776 5276 3834 5322 Ο.

609 5335 671 5378 88
704 5335 975 5382 Πωιιοίάοε
1009 5333 1187 5391 Bergk,
1228 5334 1504 5379 Graucidos
1540 5332 1657 5388 LN,
1741 5333 1971 5378 rancidos
2006 5342 2042 5378 A
2063 5333 2116 5379 F.
2181 5334 2240 5376 89
2260 5333 2461 5390 furtiuo
2498 5342 2534 5378 A
2554 5332 2606 5379 F.
2680 5333 2740 5377 80
2770 5334 2896 5390 tinyi
2927 5332 3056 5379 Itali.
3129 5334 3186 5377 81
3217 5336 3356 5379 orm‘s
3385 5347 3423 5380 c.
3461 5334 3573 5380 oN.
3646 5335 3705 5378 82
3734 5349 3839 5380 euc-

611 5380 964 5451 cimmajeque
984 5403 1025 5439 n
1048 5407 1168 5438 oon.
1195 5392 1326 5438 nali.
1392 5393 1450 5436 os
1480 5393 1692 5438 mmm
1711 5391 1786 5437 ed.
1813 5391 2093 5438 Brixiennis.
2158 5393 2217 5436 ατ
2238 5393 2301 5437 εει
2322 5392 2366 5438 o
2387 5390 2507 5447 (sinc
2528 5391 2600 5447 F).
2666 5391 2733 5435 Ν
2747 5392 2868 5435 1-14
2885 5392 2958 5438 ita
2969 5392 3302 5438 ordinauimus
3322 5393 3366 5446 1,
3387 5393 3446 5447 2;
3477 5393 3520 5448 ο,
3541 5393 3630 5447 1o;
3661 5393 3839 5450 1³,143

611 5454 656 5508 ’1,
680 5453 740 5508 8;
771 5454 844 5508 11,
869 5453 929 5496 12
948 5467 961 5507 ;
983 5452 1071 5496 8-8
1092 5449 1329 5508 (Baehr.).
1385 5451 1413 5494 1
1439 5451 1695 5509 Tarpeiiae
1717 5451 1941 5506 Housm.,
1968 5451 2202 5508 lamellae
2221 5451 2275 5505 F,
2300 5451 2484 5511 tarpelc
2495 5451 2566 5516 β,
2592 5453 2807 5508 tarpeiae
2832 5453 2948 5496 cett.
2973 5465 3061 5497 nec
3092 5451 3250 5497 multo
3279 5450 3423 5497 aliter
3453 5451 3504 5496 in
3535 5453 3607 5498 18.
3673 5453 3702 5495 8
3731 5466 3839 5498 con·

611 5513 736 5557 situs
756 5527 802 5557 τ.
859 5511 887 5554 7
917 5512 1033 5557 huic
1064 5524 1167 5566 noc,
1192 5511 1325 5556 hunc
1346 5517 1404 5555 Ω.
1452 5509 1665 5566 sromem
1697 5509 1852 5556 Palm.
1877 5509 1963 5555 sed
1983 5509 2111 5556 male
2132 5509 2194 5555 de
2219 5509 2416 5556 ‘monte
2437 5507 2449 5527 ’
2474 5509 2779 5567 intellegens,
2806 5509 2992 5569 sontem
3011 5520 3068 5557 52.
3133 5511 3163 5554 8
3193 5524 3303 5556 cum
3324 5509 3383 5557 Ο.
3444 5511 3630 5558 Cur-im
3658 5511 3835 5569 Bergk,

615 5570 809 5618 Curetis
828 5579 886 5616 52.
951 5570 1011 5614 10
1022 5568 1161 5628 sacta
1184 5569 1229 5615 I.
1257 5568 1314 5616 Ο.
1381 5568 1439 5611 12
1460 5567 1578 5627 soro
1598 5569 1622 5616 f
1640 5583 1686 5626 v,
1703 5568 1814 5628 foco
1834 5578 1893 5616 Ω.
1958 5569 2019 5613 14
2036 5569 2154 5616 nili
2173 5582 2276 5625 nos,
2296 5583 2354 5615 ex
2373 5570 2461 5616 illo
2480 5580 2538 5615 Ω.
