4890 6561
1773 483 1939 538 SEX.
1992 483 2383 537 PROPERTI
2421 483 2568 537 LIB.
2620 485 2693 537 ΙΙ
3777 490 3837 542 17

775 654 954 706 acrius
978 658 1042 705 ut
1066 652 1278 714 moriar,
1306 650 1518 702 uenerit
1540 649 1683 702 alter
1705 665 1857 701 amor
1878 652 1922 716 l)

710 735 776 771 ac
799 719 973 771 ueluti
1000 719 1173 785 primo
1197 721 1387 768 taurus
1411 716 1685 766 detractat
1708 720 1911 776 aratra,

775 790 899 851 post
922 784 1078 835 uenit
1101 788 1320 833 assueto
1343 780 1522 831 mollis
1545 780 1614 830 ad
1639 796 1775 831 arua
1796 780 1851 830 iu
1892 796 1942 841 o,

648 862 676 916 5
711 849 788 900 sic
814 849 983 914 primo
1007 848 1233 899 iuuenes
1259 852 1339 897 tre
1378 845 1536 895 idant
1560 845 1616 894 in
1640 861 1821 895 amore
1869 860 2065 905 eroces,

777 914 971 966 dehinc
986 912 1179 965 domiti
1202 917 1323 978 post
1343 863 1480 961 llaec
1495 926 1672 976 aequa
1685 916 1741 960 et
1760 910 1949 976 iniqua
1966 909 2166 961 ferunt.

710 979 895 1044 turpia
917 994 1200 1054 perpessus
1225 982 1381 1027 uates
1404 980 1490 1026 est
1514 974 1696 1025 uincla
1721 974 2046 1041 Melampus,
2111 988 2166 1041 5ι

775 1050 1025 1109 cognitus
1053 1040 1244 1108 Iphicli
1268 1040 1417 1091 subri
1459 1039 1602 1091 uisse
1628 1040 1827 1100 boues;

708 1124 871 1174 quem
898 1124 1004 1159 non
1027 1108 1196 1167 lucra,
1224 1105 1397 1170 magis
1469 1121 1559 1156 ero
1581 1103 1817 1154 formosa
1839 1105 2033 1171 coegit,

617 1187 679 1224 ιο
776 1189 902 1224 mox
928 1170 1303 1240 Amythaonia
1327 1177 1502 1236 nupta
1522 1169 1712 1220 futura
1732 1169 1906 1221 domo.

1357 1377 1439 1429 IV

708 1493 893 1545 Multa
916 1493 1065 1560 prius
1088 1492 1340 1544 dominae
1363 1491 1566 1543 delicta
1589 1490 1832 1558 queraris
1854 1494 2086 1557 oportet,

771 1575 933 1625 saepe
957 1574 1110 1623 roges
1133 1556 1360 1624 aliquid,
1386 1573 1547 1621 saepe
1570 1555 1818 1670 relpulsus
1841 1572 1951 1617 eae,

708 1630 766 1676 et
787 1639 948 1689 saepe
970 1623 1252 1673 inmeritos
1273 1638 1584 1686 corrumpas
1644 1621 1863 1671 entibus
1886 1637 2114 1687 ungues,

773 1694 832 1739 et
855 1689 1120 1755 crepitum
1142 1686 1310 1737 dubio
1333 1686 1560 1737 suscitet
1583 1685 1666 1736 ira
1691 1685 1838 1751 pede.

616 1766 672 1820 15
709 1753 1070 1820 (nequiquam
1096 1752 1314 1817 perfusa
1336 1751 1471 1802 meis
1493 1755 1776 1816 unguenta
1798 1749 2027 1815 capilliS,
2140 1763 2167 1817 5

508 1830 651 1873 mnf...
670 1843 690 1873 ‹
772 1818 890 1868 ibat
914 1824 969 1868 et
992 1832 1230 1883 expenso
1252 1816 1443 1881 planta
1466 1821 1678 1866 morata
1700 1815 1919 1880 gradu.)

706 1899 813 1933 non
837 1882 925 1932 hic
947 1881 1117 1933 herba
1140 1881 1310 1941 ualet,
1337 1896 1444 1931 non
1469 1880 1555 1931 hic
1580 1887 1845 1930 nocturna
1868 1879 2106 1945 CytaeiS,

770 1963 878 1998 non
904 1946 1252 1998 Perimedeae
1274 1945 1523 2011 gramina
1546 1949 1699 1995 cocta
1723 1960 1916 1995 manus
1940 1964 1953 2003 ς
2095 1994 2125 2013 k,
2142 1988 2167 2003 ..

609 2024 670 2076 25
706 2028 833 2063 narn
858 2011 945 2062 cui
969 2027 1077 2061 non
1102 2027 1201 2076 ego
1224 2026 1344 2061 sum
1367 2009 1551 2060 fallaci
1575 2010 1817 2085 praemia
1840 2009 1958 2075 uati
1974 2008 2057 2060 2¹³⁸
2068 2003 2083 2023 ¹
2113 2021 2167 2073 15

506 2094 523 2109 ³
538 2094 575 2107 '³
611 2079 674 2127 26
772 2093 915 2142 quae
938 2092 1059 2127 mea
1082 2092 1189 2125 non
1214 2074 1391 2125 decies
1414 2090 1627 2124 somma
1650 2090 1685 2124 u
1720 2079 1832 2124 rsat
1855 2078 2033 2124 anus?
2111 2077 2169 2124 16

610 2156 667 2194 21
707 2158 813 2193 non
833 2145 958 2205 eget
975 2141 1059 2191 hic
1079 2139 1319 2200 medicis,
1341 2156 1447 2189 non
1468 2138 1621 2190 lectis
1637 2155 1725 2189 mo
1771 2139 1892 2188 ibus
1905 2154 2083 2203 aeger,
2111 2153 2163 2190 11

770 2206 897 2256 huic
921 2204 1134 2255 nullum
1158 2204 1295 2255 caeli
1322 2210 1533 2269 tempus
1556 2210 1611 2254 et
1634 2220 1769 2254 aura
1793 2209 1985 2264 nocet;

594 2312 609 2323 ,
704 2270 967 2330 ambulat,
996 2276 1052 2320 et
1074 2269 1260 2319 subito
1282 2269 1552 2319 mirantur
1573 2268 1738 2319 funus
1761 2267 1922 2318 amici
1943 2287 1955 2319 ι

428 2354 432 2363 ’
476 2360 523 2375 *a
550 2344 625 2371 νύ
660 2356 691 2367 -Ᾰ
769 2336 847 2386 sic
869 2342 952 2386 est
974 2335 1275 2393 incautum,
1302 2332 1568 2399 quidquid
1592 2333 1827 2399 habetur
1849 2349 2038 2391 amor3

613 2415 672 2464 19
704 2400 914 2475 quippe·
947 2399 1041 2450 ubi
1098 2415 1197 2450 nec
1250 2413 1445 2449 causas
1498 2414 1596 2448 nec
1640 2403 1855 2463 apertos
1899 2398 2168 2448 cernimus

607 2544 673 2580 20
769 2472 1122 2581 undgcttgissgn
1146 2527 1376 2578 ueniant
1397 2531 1483 2577 tot
1506 2526 1669 2587 mala,
1687 2542 1849 2577 caeca
1863 2526 1957 2577 uia
1972 2531 2071 2577 est.
2109 2478 2173 2577 ,g

609 2608 670 2657 27
704 2594 878 2645 hostis
901 2594 1071 2659 siquis
1094 2593 1198 2644 erit
1222 2592 1393 2651 nobis,
1421 2597 1569 2642 amet
1592 2590 1685 2642 ille
1709 2590 1949 2656 puellas:
2111 2607 2165 2655 17

769 2658 1007 2723 gaudeat
1032 2658 1085 2708 iu
1112 2673 1294 2723 puer0,
1322 2657 1367 2706 si
1411 2656 1494 2706 uis
1517 2656 1725 2707 amicus
1747 2656 1864 2707 erit.

703 2723 1003 2798 tranquillo
1026 2728 1150 2773 tuta
1173 2722 1366 2797 descen
1397 2721 1454 2797 ‚is
1477 2720 1701 2797 flumine
1724 2720 1949 2785 cymba:

610 2802 675 2853 30
770 2788 903 2853 quid
927 2787 1027 2837 tibi
1051 2793 1166 2838 tam
1192 2802 1348 2852 parm
1371 2786 1548 2837 litoris
1571 2786 1721 2899 ιιᾶιςίιι
1748 2790 1940 2901 nocbgtJ
2105 2800 2169 2837 20

704 2852 1697 2983 ”taeffffissssssffga‘xgfisszzeffisuss
1716 2866 1834 2967 3512
1902 2890 1918 2912 '

1364 3121 1416 3173 V

705 3237 823 3290 Hoc
847 3253 1037 3289 uerum
1062 3241 1148 3290 est
1171 3241 1292 3289 tota
1313 3241 1371 3288 te
1394 3234 1537 3297 ferri,
1566 3234 1822 3302 Cynthia,
1850 3234 2028 3288 Roma

766 3310 822 3355 et
846 3319 954 3354 non
978 3303 1167 3366 ignota
1189 3303 1376 3353 uiuere
1399 3301 1681 3367 nequitia?

704 3368 837 3419 haec
862 3367 1032 3418 merui
1057 3372 1306 3442 sperare?
1328 3366 1483 3416 dabis
1509 3365 1659 3427 mihi,
1686 3364 1908 3430 perfida,
1931 3380 2163 3431 poenas:

768 3439 826 3484 et
849 3433 1003 3483 nobis
1026 3432 1227 3498 alique,
1258 3430 1516 3496 Cynthia,
1545 3436 1741 3481 uentus
1765 3429 1882 3480 erit.

704 3498 981 3548 inueniam
1009 3501 1193 3547 tamen
1218 3512 1248 3547 e
1271 3495 1460 3546 multis
1483 3494 1771 3546 fallacibus
1795 3510 1978 3558 unam,
2136 3507 2163 3561 5

770 3579 910 3628 quac
933 3561 1049 3613 fieri
1072 3567 1258 3611 nostro
1280 3560 1519 3611 carmine
1542 3566 1672 3610 nota
1694 3558 1848 3619 uelit,

703 3643 800 3679 nec
826 3627 957 3677 mihi
984 3632 1097 3677 tam
1121 3625 1271 3675 duris
1296 3625 1525 3675 insultet
1548 3623 1784 3675 moribus
1808 3628 1864 3674 et
1886 3628 1945 3674 te

620 3707 645 3758 s,
694 3739 701 3746 .
769 3691 987 3743 uellicet
1012 3712 1022 3742 :
1061 3690 1166 3741 heu
1188 3706 1306 3740 sero
1329 3689 1481 3739 flebis
1505 3694 1691 3739 amata
1713 3688 1825 3738 diu.

564 3753 577 3774 ³
704 3773 846 3807 nunc
871 3761 955 3807 est
978 3757 1059 3806 ira
1084 3771 1283 3815 recens,
1312 3770 1456 3805 nunc
1479 3758 1564 3805 est
1587 3753 1859 3804 discedere
1883 3757 2096 3818 tempus
2120 3773 2132 3805 :

767 3821 812 3871 si
836 3821 987 3870 dolor
1010 3820 1226 3881 afuerit,
1253 3819 1426 3879 crede,
1457 3818 1656 3869 redibit
1678 3834 1844 3868 amor.
2107 3832 2166 3867 10

703 3902 810 3936 non
836 3885 916 3936 ita
942 3884 1269 3951 Carpathiae
1292 3884 1511 3934 uariant
1536 3882 1901 3948 Aquilonibus
1925 3881 2104 3934 undae

769 3967 868 4001 nec
890 3950 1055 4000 dubio
1079 3950 1251 3999 nubes
1274 3948 1508 4000 uertitur
1531 3953 1653 3999 atra
1676 3947 1839 4007 Note,

702 4032 866 4081 quam
891 4014 1050 4065 facile
1072 4014 1200 4064 irati
1223 4013 1391 4064 uerbo
1414 4018 1699 4063 mutantur
1723 4016 1971 4062 amantes
1992 4031 2004 4062 ε

766 4078 896 4130 dum
921 4079 1066 4138 licet,
1093 4078 1299 4129 iniusto
1321 4077 1583 4128 subtrahe
1605 4076 1746 4126 colla
1768 4076 1823 4126 iu
1846 4093 1909 4125 ro.

702 4160 800 4196 nec
824 4151 885 4195 tu
911 4160 1016 4194 non
1040 4142 1270 4209 aliquid,
1297 4141 1391 4193 sed
1420 4142 1595 4208 prima
1617 4146 1792 4202 nocte,
1820 4095 2026 4191 dolebis
2047 4160 2059 4191 :
2108 4153 2164 4207 15

766 4225 923 4259 omne
947 4209 1002 4259 in
1026 4224 1209 4259 amore
1233 4206 1456 4266 malum,
1484 4206 1532 4256 si
1557 4207 1782 4271 patiare,
1811 4205 1932 4256 leue
1956 4210 2053 4258 est.

700 4279 764 4324 at
787 4279 848 4324 ιιι
874 4289 967 4338 per
990 4272 1242 4323 dominae
1270 4271 1493 4322 lunonis
1516 4271 1698 4321 dulcia
1721 4270 1843 4320 iura

768 4354 926 4404 parce
950 4338 1061 4389 tuis
1085 4336 1300 4396 animiS,
1329 4336 1464 4397 uita,
1492 4351 1681 4386 nocere
1705 4335 1821 4385 tibi.

703 4419 810 4454 non
834 4402 1008 4454 solum
1035 4406 1225 4452 taurus
1250 4401 1377 4451 ferit
1401 4400 1553 4451 uncis
1577 4400 1827 4450 cornibus
1851 4398 2079 4461 hostem,

769 4484 957 4518 uerum
983 4467 1151 4518 etiam
1175 4465 1407 4517 instanti
1432 4465 1580 4516 laesa
1602 4468 1870 4530 repugnat
1893 4465 2026 4515 ouis.
2102 4480 2166 4515 20

701 4548 799 4583 nec
823 4532 925 4583 tibi
951 4532 1162 4597 periuro
1184 4531 1426 4581 scindam
1452 4530 1520 4580 de
1539 4546 1753 4594 corpore
1777 4535 1977 4592 uesteS,

768 4613 865 4647 nec
889 4613 1010 4647 mea
1033 4596 1342 4662 praeclusas
1365 4594 1587 4660 fregerit
1609 4593 1691 4644 ira
1714 4594 1872 4656 fores,

702 4676 799 4712 nec
822 4661 925 4713 tibi
949 4677 1181 4711 conexos
1202 4660 1378 4711 iratus
1400 4675 1613 4726 carpere
1636 4658 1809 4709 crines

766 4742 864 4777 nec
888 4726 1037 4776 duris
1062 4725 1239 4775 ausim
1264 4723 1475 4776 laedere
1501 4722 1785 4789 pollicibus
1808 4743 1821 4773 z

700 4791 935 4841 rusticus
959 4790 1091 4841 haec
1114 4789 1315 4855 aliquis
1341 4794 1453 4839 tam
1478 4788 1664 4854 turpia
1686 4787 1891 4853 proelia
1913 4793 2159 4854 quaerat,

765 4856 920 4907 cuius
942 4871 1051 4906 non
1074 4854 1305 4906 hederae
1329 4854 1641 4905 circumiere
1662 4858 1844 4919 caput.
2099 4856 2163 4905 26

721 5029 794 5074 111
825 5031 883 5075 81
918 5031 1177 5087 aylampm
1209 5030 1257 5076 N
1275 5029 1337 5086 V,
1372 5030 1463 5076 nil.
1503 5029 1556 5076 F.
1620 5030 1681 5074 ⁶³
1710 5044 1847 5076 nunc
1874 5030 1993 5078 DF.

600 5088 904 5205 lssss‘eldsslff'
938 5148 997 5192 so
1027 5149 1202 5194 timuis
1233 5147 1388 5194 Palm.

601 5209 661 5251 10
689 5206 788 5263 abs.
809 5216 863 5261 A,
888 5206 969 5261 aff.
996 5207 1114 5252 FN.
1177 5208 1236 5250 21
1255 5209 1482 5263 periurae
1503 5218 1556 5253 A.

600 5267 654 5322 F,
680 5266 914 5311 nedeeint
945 5265 980 5310 f.
1045 5267 1074 5309 9
1104 5266 1314 5310 numina
1343 5264 1481 5310 codd.
1521 5266 1652 5311 Pass.
1687 5269 1738 5311 et
1769 5265 2031 5321 Gebhardi,
2057 5267 2172 5314 fort.
2197 5272 2343 5313 recte.

2088 5326 2147 5370 20
2177 5327 2334 5372 durae
2354 5342 2401 5371 τ.
2468 5324 2527 5367 23
2547 5324 2695 5368 amoti
2715 5332 2772 5368 Ω..
2837 5323 2911 5378 23,
2935 5323 2996 5365 24
3014 5325 3131 5368 ante
3149 5324 3208 5366 u
3228 5323 3369 5380 ponit
3391 5324 3685 5371 Heimreich.
3711 5330 3823 5383 post

1796 5384 1855 5427 23
1884 5385 2050 5430 cuiuis
2079 5385 2142 5442 N,
2169 5387 2311 5431 cuius
2340 5383 2393 5439 F,
2419 5383 2648 5440 quoui(iu
2680 5381 2773 5436 D)s
2795 5391 2847 5427 A.
2893 5381 3117 5438 quotlibet
3139 5391 3175 5427 Δ
3200 5381 3395 5437 Baehr.,
3421 5383 3614 5428 cuilibet
3645 5384 3698 5430 F.
3762 5386 3821 5428 31

600 5325 732 5381 uulg.
797 5325 855 5368 18
885 5324 1085 5370 laedunt
1115 5323 1242 5381 (-αηι
1260 5321 1322 5380 μ)
1344 5340 1377 5367 ⁴.-
1398 5323 1506 5369 edd.
1572 5325 1630 5367 16
1662 5329 1857 5370 uernum
1878 5325 2023 5372 Lach.

598 5385 672 5438 24,
697 5384 771 5438 23,
796 5384 867 5438 ³4,
892 5384 965 5437 38,
998 5384 1060 5426 40
1088 5382 1287 5429 lacunas
1318 5382 1556 5428 iudicauit
1587 5383 1731 5429 lach.

970 5089 1182 5135 disticha
1210 5090 1329 5133 9-10
1358 5092 1410 5134 et
1440 5090 1587 5133 18-13
1621 5088 1781 5135 locum
1804 5090 1933 5134 inter
1964 5105 2016 5136 se
2045 5095 2236 5137 mutare
2256 5090 2502 5142 iussimus,
2556 5089 2702 5132 15-16

1511 5147 1553 5191 V
1591 5149 1849 5194 continuat
1881 5149 2028 5206 priori
2064 5151 2201 5196 FN1.
2267 5151 2295 5193 3
2331 5151 2402 5194 mi
2439 5147 2557 5193 FN.
2621 5148 2653 5190 4
2687 5148 2856 5202 aliquo
2889 5146 2954 5191 H.
2996 5146 3211 5192 Bosscha
3244 5145 3315 5202 (et
3347 5147 3531 5204 Lach.),
3565 5149 3731 5206 aquilo
3762 5160 3819 5196 Ω..

1681 5205 1747 5249 vl
1777 5208 1806 5250 2
1829 5208 1973 5263 pedes
1994 5218 2047 5254 A.
2110 5211 2140 5252 δ
2160 5210 2387 5255 disiectas
2409 5205 2663 5260 Schrader,
2688 5206 2891 5251 delectas
2912 5214 2970 5259 Ω,
2993 5206 3171 5250 deletas
3190 5205 3214 5251 f
3231 5219 3262 5249 v
3283 5204 3392 5251 edd.
3457 5208 3488 5249 3
3517 5221 3600 5252 nec
3622 5217 3659 5253 A
3677 5209 3740 5261 N,
3769 5223 3825 5254 ue

2276 651 2508 703 scribam
2532 652 2717 729 igitur,
2745 653 2889 721 quod
2922 669 3030 705 non
3053 670 3313 720 umquam
3338 657 3436 705 tua
3459 652 3640 706 deleat
3663 660 3836 716 aetas,

2347 722 2360 743 ‘
2382 717 2623 781 Cynthia
2646 719 2819 769 forma
2841 724 3052 795 potens,
3081 720 3322 785 Cynthia
3345 719 3515 771 uerba
3535 720 3706 770 leuis.⁹

2275 781 2431 832 crede
2457 783 2608 843 mihi,
2674 800 2890 834 uamuis
2912 791 3229 835 contemnas
3251 800 3528 835 murmura
3549 783 3747 848 famae,

2341 846 2428 897 hic
2454 847 2554 898 tibi
2577 800 2787 914 pallori,
2816 850 3073 914 Cynthia,
3102 866 3291 900 uersus
3314 850 3432 903 erit.
3775 864 3839 913 30

3013 1054 3094 1106 VI

2275 1168 2398 1220 Non
2424 1168 2506 1219 ita
2528 1168 2872 1235 complebant
2896 1169 3179 1236 Ephyreae
3205 1168 3402 1221 Laidos
3424 1168 3604 1233 aedes,

2337 1234 2408 1284 ad
2432 1234 2589 1286 cuius
2612 1234 2784 1286 iacuit
2808 1235 3039 1285 Graecia
3060 1240 3181 1286 tota
3199 1235 3359 1295 fores,

2274 1298 2437 1350 turba
2461 1299 2827 1350 Menandreae
2850 1299 3028 1350 fuerat
3053 1316 3150 1349 nec
3174 1299 3414 1351 Thaidos
3436 1299 3566 1350 olim

2340 1368 2516 1425 tanta,
2544 1364 2600 1413 in
2624 1380 2735 1439 qua
2756 1363 2988 1430 populus
3011 1364 3142 1414 lusit
3169 1364 3570 1424 Erichthonius,
3613 1366 3668 1403 υἱ

2273 1444 2371 1479 nec
2394 1444 2536 1494 quae
2559 1428 2812 1479 diffie-ctas
2837 1429 3015 1494 potuit
3037 1444 3354 1493 compegere
3378 1429 3611 1490 Thebas,
3639 1448 3673 1469 2-
3697 1438 3704 1449 ³
3741 1442 3798 1471 ω’
3806 1441 3832 1492 5

2340 1492 2557 1558 Phryne
2581 1499 2694 1543 tam
2720 1493 2908 1544 multis
2931 1493 3081 1544 facta
3103 1493 3267 1543 beata
3291 1493 3436 1543 uiris.

2272 1558 2404 1623 quin
2428 1557 2596 1608 etiam
2622 1557 2786 1608 falsos
2811 1558 2968 1623 fingis
2993 1558 3092 1608 tibi
3117 1574 3277 1623 saepe
3301 1558 3646 1623 propinquos,
3663 1588 3702 1605 ›2-
3719 1572 3770 1601 ’κέ
3831 1590 3836 1593 -

2336 1621 2522 1672 oscula
2545 1638 2642 1673 nec
2666 1623 2865 1673 desunt
2887 1623 2983 1688 qui
3006 1622 3106 1673 tibi
3131 1623 3246 1673 iure
3270 1622 3466 1673 ferant.

2270 1703 2358 1737 me
2380 1687 2642 1737 iuuenum
2669 1688 2844 1752 pictae
2868 1687 3050 1747 facies,
3078 1704 3164 1738 me
3189 1687 3408 1737 nomina
3431 1687 3676 1748 laedunt,

2336 1768 2421 1802 me
2447 1757 2600 1802 tener
2621 1752 2677 1802 in
2701 1753 2857 1803 cunis
2879 1758 2935 1802 et
2958 1753 3074 1803 sine
3099 1768 3230 1802 uoce
3253 1766 3400 1817 puer.
3775 1765 3835 1801 10

2272 1832 2358 1866 me
2382 1816 2564 1866 laedet
2588 1816 2634 1866 si
2660 1817 2837 1867 multa
2860 1817 2960 1867 tibi
2985 1816 3140 1867 dabit
3163 1816 3348 1867 oscula
3371 1821 3562 1876 mater,

2337 1896 2421 1931 me
2447 1898 2591 1930 soror
2614 1890 2671 1932 et
2693 1897 2817 1931 cum
2838 1897 2949 1947 qua
2972 1881 3173 1932 dormit
3195 1882 3372 1931 amica
3393 1880 3589 1931 simul:

2186 1985 2195 1999 .
2271 1945 2454 1995 omnia
2477 1962 2562 1997 me
2587 1945 2837 1996 laedent:
2874 1945 3102 1997 timidus
3126 1962 3246 1996 sum
3273 1946 3507 2021 (ignosce
3530 1944 3733 2007 timori)

2335 2016 2391 2060 et
2414 2010 2578 2060 miser
2600 2010 2655 2061 in
2679 2011 2868 2061 tunica
2890 2011 3129 2086 suspicor
3152 2026 3267 2061 esse
3292 2026 3486 2061 uirum.

2270 2072 2356 2125 his
2380 2074 2527 2136 olim,
2555 2080 2620 2125 ut
2641 2074 2790 2125 fama
2813 2080 2911 2134 est,
2941 2076 3093 2126 uitiis
3116 2075 3184 2125 ad
3211 2075 3414 2140 proelia
3437 2078 3663 2126 uentum
3688 2084 3773 2126 est
3796 2095 3808 2134 ;

2335 2138 2420 2189 his
2444 2139 2681 2190 Troiana
2703 2140 2857 2191 uides
2879 2141 3071 2191 funera
3095 2139 3385 2205 principiis.
3773 2141 3830 2190 16

2269 2219 2331 2254 as
2402 2220 2464 2254 ra
2488 2204 2789 2255 Centauros
2810 2205 2999 2255 eadem
3024 2205 3301 2255 dementia
3323 2204 3485 2255 iussit

2359 2285 2583 2334 tangere
2607 2269 2664 2321 in
2687 2268 2978 2320 aduersum
3001 2269 3196 2334 pocula
3221 2269 3539 2319 Pirithoum.

2270 2348 2365 2384 cur
2387 2334 2639 2399 exempla
2661 2340 2842 2399 petam
2868 2333 3128 2384 Graium?
3162 2340 3225 2384 tu
3245 2333 3486 2384 criminis
3507 2338 3715 2394 auctor,

2338 2398 2583 2449 nutritus
2607 2398 2759 2459 dur0,
2789 2398 3035 2459 Romule,
3065 2398 3206 2449 lacte
3229 2398 3424 2463 lupae:
3768 2412 3835 2447 20

2272 2466 2332 2513 tu
2359 2479 2545 2528 rapere
2570 2463 2806 2513 intactas
2829 2463 3061 2514 docuisti
3085 2463 3288 2529 inpune
3311 2463 3544 2513 Sabinas
3565 2483 3578 2514 ε

2336 2543 2429 2641 ger
2455 2534 2510 2578 te
2534 2544 2677 2578 nunc
2703 2528 2908 2579 Romae
2931 2527 3200 2594 quidlibet
3222 2527 3390 2578 audet
3415 2528 3598 2577 Amor.

2270 2592 2351 2657 (fe
2374 2593 2429 2642 ix
2458 2591 2681 2643 Admeti
2706 2593 2940 2643 coniunx
2965 2599 3021 2643 et
3046 2592 3219 2643 lectus
3244 2591 3439 2653 Vlixis,

2333 2663 2390 2707 et
2453 2673 2787 2722 uaecumque
2811 2658 2913 2708 uiri
2938 2657 3142 2708 femina
3165 2657 3329 2707 limen
3353 2656 3555 2720 amat.)

2269 2726 2418 2786 temp
2442 2738 2477 2771 a
2501 2722 2804 2772 Pudicitiae
2828 2721 2963 2787 quid
2988 2738 3020 2770 o
3057 2738 3121 2771 us
3145 2722 3406 2772 statuisse
3430 2720 3642 2786 puellis,
3767 2732 3829 2786 25

2334 2787 2380 2837 si
2403 2786 2580 2836 cuiuis
2605 2792 2809 2851 nuptae
2832 2786 3007 2853 quidli
3077 2792 3103 2837 t
3125 2802 3240 2837 esse
3266 2784 3432 2836 licet?

2270 2930 2411 2979 quae
2434 2930 2631 2965 manus
2653 2913 2911 2965 obscenas
2934 2913 3184 2981 depinxit
3206 2914 3381 2980 prima
3404 2913 3637 2965 tabellas

2335 2985 2393 3029 et
2416 2980 2599 3045 posuit
2621 2986 2773 3031 casta
2797 2979 2979 3044 turpia
3002 2979 3124 3030 uisa
3147 2979 3323 3040 dome,

2269 3042 2367 3094 illa
2390 3044 2693 3109 puellarum
2719 3045 2979 3110 ingenuos
3003 3044 3242 3109 corrupit
3265 3042 3463 3094 ocellos

2334 3109 2720 3175 nequitiaeque
2742 3126 2873 3160 suae
2896 3108 3075 3160 noluit
3098 3125 3212 3160 esse
3237 3109 3410 3159 rudes.
3768 3121 3832 3172 30

2269 3188 2303 3224 a
2323 3180 2509 3248 gemat
2531 3174 2588 3223 in
2614 3174 2768 3224 terris
2792 3173 2901 3224 ista
2923 3174 3016 3239 qui
3040 3172 3269 3239 protulit
3291 3179 3410 3224 arte
3461 3178 3491 3213 s·
3515 3190 3526 3211 s
3725 3188 3728 3193 ’

2333 3238 2512 3304 iurgia
2534 3240 2637 3289 sub
2661 3238 2832 3289 tacita
2853 3238 3075 3290 condita
3099 3237 3326 3290 laetitia.

2268 3319 2376 3355 non
2401 3304 2522 3354 istis
2546 3304 2674 3354 olim
2699 3303 2992 3355 uariabant
3015 3309 3164 3354 tecta
3187 3303 3404 3369 figuris:

2333 3375 2453 3420 tum
2477 3369 2654 3435 paries
2677 3367 2830 3420 nullo
2852 3368 3076 3420 crimine
3099 3368 3278 3435 pictus
3301 3373 3432 3420 erat.

2267 3497 2361 3548 sed
2386 3514 2494 3548 non
2518 3498 2773 3549 inmerito
2795 3497 3007 3548 uelauit
3029 3513 3229 3549 aranea
3251 3496 3441 3548 fanum
3766 3508 3827 3562 35

2332 3570 2390 3614 ει
2413 3564 2560 3613 mala
2582 3563 2823 3614 desertos
2847 3570 3075 3627 occupat
3100 3563 3264 3613 herba
3288 3563 3430 3613 deos.

2266 3706 2401 3756 quos
2423 3691 2594 3756 igitur
2616 3691 2718 3742 tibi
2741 3690 3010 3752 custodes,
3038 3706 3177 3756 quae
3200 3690 3392 3741 limina
3414 3706 3629 3756 ponam,

2331 3772 2473 3821 quae
2496 3772 2791 3822 numquam
2818 3772 2980 3821 supra
3003 3773 3094 3821 pes
3118 3756 3369 3806 inimicus
3392 3761 3522 3807 eat?

2267 3831 2393 3871 nam
2418 3820 2557 3871 nihil
2582 3821 2792 3871 inuitae
2815 3821 2990 3871 tristis
3013 3820 3260 3870 custodia
3283 3821 3531 3885 prodest:

2332 3901 2497 3951 quam
2524 3901 2742 3951 peccare
2766 3885 2952 3952 pudet,
2981 3885 3238 3949 Cynthia,
3267 3890 3393 3936 tuta
3414 3892 3503 3936 sat
3525 3891 3624 3936 est.
3761 3901 3828 3947 40

2268 4014 2395 4081 (nos
2418 4030 2556 4063 uxor
2578 4030 2894 4080 numquam,
2919 4030 3218 4079 numquam
3241 4013 3463 4065 seducet
3486 4014 3693 4065 amica:

2332 4094 2546 4145 semper
2568 4079 2745 4130 amica
2767 4079 2919 4141 mihi,
2947 4095 3156 4145 semper
3179 4084 3237 4130 ει
3260 4095 3397 4129 uxor
3419 4080 3576 4144 eriS.)

2991 4284 3102 4336 V11

2268 4398 2477 4450 Gauisa
2498 4415 2555 4448 es
2577 4401 2721 4448 certe
2744 4396 3036 4458 sublatam,
3065 4397 3322 4462 Cynthia,
3349 4397 3542 4464 legem,

2332 4480 2444 4529 qua
2504 4461 2740 4512 nondam
2766 4462 2945 4513 edicta
2967 4462 3157 4513 flemus
3184 4468 3412 4528 uterque
3433 4463 3547 4524 diu,

2267 4529 2326 4579 ni
2348 4545 2444 4578 nos
2467 4480 2736 4577 diuideret
2760 4547 2771 4577 ε
2808 4528 3061 4592 quamuis
3084 4527 3338 4578 diducere
3362 4535 3611 4580 amantes

2332 4609 2441 4644 non
2465 4598 2631 4657 queat
2653 4591 2858 4642 inuitos
2885 4592 3128 4706 luppiter
3150 4592 3265 4658 ipse
3289 4592 3440 4643 duos.

2272 4662 2357 4708 ‘at
2381 4672 2611 4721 magnus
2635 4656 2867 4707 Caesar)
2913 4673 2971 4707 se
3033 4672 3262 4721 magnus
3286 4656 3486 4707 Caoear
3502 4656 3558 4707 in
3576 4657 3766 4709 armis:
3795 4669 3822 4723 5

2333 4722 2583 4773 deuictae
2605 4726 2793 4786 gentes
2817 4720 2894 4770 nil
2919 4720 2974 4770 in
2998 4736 3180 4771 amore
3204 4720 3409 4772 ualent.

2268 4804 2394 4839 nam
2419 4787 2580 4837 citius
2606 4791 2817 4850 paterer
2837 4792 3005 4850 caput
3027 4785 3126 4835 hoc
3149 4785 3421 4836 discedere
3443 4785 3598 4847 collo,

2333 4867 2500 4918 quam
2526 4867 2732 4916 possem
2759 4856 2964 4915 nuptae
2988 4850 3208 4915 perdere
3231 4866 3377 4903 more
3400 4850 3562 4912 faces,
3597 4861 3730 4896 aa„
3753 4875 3771 4895 ς
3789 4861 3830 4902 J.
3891 4871 3914 4892 d

2119 5032 2185 5076 1v
2214 5033 2258 5087 δ,
2285 5032 2313 5075 6
2344 5030 2423 5076 hic
2455 5029 2639 5075 alienos
2661 5043 2764 5074 esse
2784 5031 2950 5074 censet
2971 5028 3175 5074 Housm.
3240 5030 3270 5074 7
3300 5031 3526 5075 nocitura
3556 5030 3618 5076 D.
3683 5031 3713 5075 8
3736 5046 3830 5089 per

2728 5090 2840 5145 post
2859 5088 2889 5131 8
2929 5090 3113 5145 transp.
3139 5087 3252 5133 Birt
3331 5089 3389 5131 16
3415 5093 3627 5145 ,in-acum
3648 5100 3701 5136 A.
3767 5092 3824 5135 1‘1

2409 5267 2467 5309 11
2499 5265 2648 5310 laedit
2669 5280 2702 5307 τ
2721 5263 2830 5309 edd.
2875 5263 3009 5308 dedit
3030 5278 3059 5307 v
3081 5263 3190 5309 edd.
3255 5265 3315 5307 12
3347 5279 3470 5320 quae
3499 5265 3667 5311 Dousa
3693 5267 3822 5312 filius

599 5442 804 5488 tenebris
825 5442 1075 5487 Fonteius.
1141 5442 1200 5485 32
1221 5443 1389 5498 turpia
1406 5441 1718 5497 Herwerden,
1737 5444 1879 5498 omia
1902 5442 2159 5489 Ruhnken.
2224 5443 2325 5489 sub.
2370 5443 2452 5488 sed
2471 5441 2523 5486 F.
2588 5442 2647 5484 35
2667 5443 2711 5486 εἰ
2732 5439 3071 5497 Heydeureich
3093 5453 3175 5485 uu.
3201 5441 3348 5485 85—36
3367 5445 3484 5487 ante
3505 5443 3562 5485 27
3584 5443 3816 5498 traiectis,

600 5501 772 5547 melius
794 5500 923 5550 foret
946 5514 1075 5546 nunc
1099 5514 1210 5547 non.
1275 5501 1333 5544 41
1364 5514 1437 5547 me
1466 5500 1604 5548 ducet
1635 5511 1693 5557 Ω,

1728 5515 1848 5549 corr.
1873 5501 1997 5547 Birt.
2032 5504 2106 5558 u,
2141 5503 2202 5547 42
2232 5517 2254 5547 s

599 5559 839 5606 Schrader
858 5559 1113 5618 Koppiers.
1179 5560 1208 5602 2
1229 5564 1405 5605 stemus
1424 5568 1483 5605 Ω..
1548 5560 1577 5602 3
1598 5561 1655 5604 m·
1675 5559 1736 5616 N,
1762 5561 1873 5617 quis
1895 5560 1953 5608 Ο.
2017 5561 2047 5605 8
2062 5562 2271 5618 prodere

2318 5501 2482 5546 uentis
2511 5499 2739 5544 carminis
2769 5499 2921 5545 fuisse
2951 5498 3094 5547 docet
3123 5499 3300 5548 Baehr.
3423 5499 3514 5544 vn
3546 5502 3573 5543 1
3596 5507 3664 5547 est
3691 5512 3749 5558 Ω,
3774 5516 3822 5548 es

2331 5574 2424 5607 888.
2480 5572 2641 5605 amore
2663 5567 2717 5605 Δ.
