<?xml version="1.0" encoding="UTF-8"?>
<!DOCTYPE html PUBLIC "-//W3C//DTD XHTML 1.0 Transitional//EN"
    "http://www.w3.org/TR/xhtml1/DTD/xhtml1-transitional.dtd">
<html xmlns="http://www.w3.org/1999/xhtml" xml:lang="en" lang="en">
 <head>
  <title>
</title>
<meta http-equiv="Content-Type" content="text/html;charset=utf-8" />
  <meta name='ocr-system' content='tesseract 3.04.00' />
  <meta name='ocr-capabilities' content='ocr_page ocr_carea ocr_par ocr_line ocrx_word'/>
</head>
<body>
  <div class='ocr_page' id='page_1' title='image "./carmina00propgoog/carmina00propgoog_0051.png"; bbox 0 0 4890 6561; ppageno 0'>
   <div class='ocr_carea' id='block_1_1' title="bbox 1695 482 3851 552">
    <p class='ocr_par' dir='ltr' id='par_1_1' title="bbox 1695 482 3851 552">
     <span class='ocr_line' id='line_1_1' title="bbox 1695 482 3851 552; baseline 0.001 -16"><span class='ocrx_word' id='word_1_1' title='bbox 1695 485 1862 537; x_wconf 85' lang='lat' dir='ltr'><em>SEX.</em></span> <span class='ocrx_word' id='word_1_2' title='bbox 1914 486 2307 538; x_wconf 78' lang='lat' dir='ltr'><em>PROPERTI</em></span> <span class='ocrx_word' id='word_1_3' title='bbox 2344 485 2496 539; x_wconf 90' lang='lat' dir='ltr'><strong><em>LIB.</em></strong></span> <span class='ocrx_word' id='word_1_4' title='bbox 2547 485 2641 537; x_wconf 87' lang='lat' dir='ltr'><strong>IV</strong></span> <span class='ocrx_word' id='word_1_5' title='bbox 2680 482 2782 552; x_wconf 71' lang='grc' dir='ltr'>[Ῑζ]</span> <span class='ocrx_word' id='word_1_6' title='bbox 3784 492 3851 539; x_wconf 83' lang='grc'><strong>45</strong></span> 
     </span>
    </p>
   </div>
   <div class='ocr_carea' id='block_1_2' title="bbox 625 649 2190 1429">
    <p class='ocr_par' dir='ltr' id='par_1_2' title="bbox 626 649 2190 781">
     <span class='ocr_line' id='line_1_2' title="bbox 626 649 2190 718; baseline -0.001 -16"><span class='ocrx_word' id='word_1_7' title='bbox 626 655 728 702; x_wconf 84' lang='lat' dir='ltr'><strong>aut</strong></span> <span class='ocrx_word' id='word_1_8' title='bbox 752 650 922 718; x_wconf 86' lang='lat' dir='ltr'><strong>siquis</strong></span> <span class='ocrx_word' id='word_1_9' title='bbox 944 651 1124 717; x_wconf 76' lang='lat' dir='ltr'><strong>posita</strong></span> <span class='ocrx_word' id='word_1_10' title='bbox 1145 649 1311 701; x_wconf 85' lang='lat' dir='ltr'><strong>iudex</strong></span> <span class='ocrx_word' id='word_1_11' title='bbox 1336 649 1489 701; x_wconf 82' lang='lat' dir='ltr'><strong>sedet</strong></span> <span class='ocrx_word' id='word_1_12' title='bbox 1511 651 1727 701; x_wconf 87' lang='lat' dir='ltr'><strong>Aeacus</strong></span> <span class='ocrx_word' id='word_1_13' title='bbox 1750 666 1905 711; x_wconf 89' lang='lat' dir='ltr'><strong>urna,</strong></span> <span class='ocrx_word' id='word_1_14' title='bbox 2133 665 2190 714; x_wconf 87' lang='lat'><strong>19</strong></span> 
     </span>
     <span class='ocr_line' id='line_1_3' title="bbox 693 715 1695 781; baseline 0 -14"><span class='ocrx_word' id='word_1_15' title='bbox 693 716 751 767; x_wconf 90' lang='lat' dir='ltr'><strong>in</strong></span> <span class='ocrx_word' id='word_1_16' title='bbox 776 733 896 767; x_wconf 86' lang='lat' dir='ltr'><strong>mea</strong></span> <span class='ocrx_word' id='word_1_17' title='bbox 920 717 1117 767; x_wconf 80' lang='lat' dir='ltr'><strong>sortita</strong></span> <span class='ocrx_word' id='word_1_18' title='bbox 1138 715 1384 767; x_wconf 88' lang='lat' dir='ltr'><strong>uindicet</strong></span> <span class='ocrx_word' id='word_1_19' title='bbox 1406 731 1528 766; x_wconf 87' lang='lat' dir='ltr'><strong>ossa</strong></span> <span class='ocrx_word' id='word_1_20' title='bbox 1550 715 1695 781; x_wconf 88' lang='lat' dir='ltr'><strong>pila:</strong></span> 
     </span>
    </p>

    <p class='ocr_par' dir='ltr' id='par_1_3' title="bbox 625 779 2189 897">
     <span class='ocr_line' id='line_1_4' title="bbox 625 779 2189 848; baseline -0.001 -16"><span class='ocrx_word' id='word_1_21' title='bbox 625 780 904 848; x_wconf 84' lang='lat' dir='ltr'><strong>quaelibet</strong></span> <span class='ocrx_word' id='word_1_22' title='bbox 926 786 1175 832; x_wconf 80' lang='lat' dir='ltr'><strong>austeras</strong></span> <span class='ocrx_word' id='word_1_23' title='bbox 1197 780 1265 831; x_wconf 90' lang='lat' dir='ltr'><strong>de</strong></span> <span class='ocrx_word' id='word_1_24' title='bbox 1288 796 1374 831; x_wconf 90' lang='lat' dir='ltr'><strong>me</strong></span> <span class='ocrx_word' id='word_1_25' title='bbox 1396 779 1541 831; x_wconf 79' lang='lat' dir='ltr'><strong>ferat</strong></span> <span class='ocrx_word' id='word_1_26' title='bbox 1563 796 1701 831; x_wconf 87' lang='lat' dir='ltr'><strong>urna</strong></span> <span class='ocrx_word' id='word_1_27' title='bbox 1724 779 1957 832; x_wconf 86' lang='lat' dir='ltr'><strong>tabellas</strong></span> <span class='ocrx_word' id='word_1_28' title='bbox 1978 800 1990 831; x_wconf 75' lang='grc' dir='ltr'><strong><em>ε</em></strong></span> <span class='ocrx_word' id='word_1_29' title='bbox 2123 795 2189 843; x_wconf 88' lang='lat'><strong>49</strong></span> 
     </span>
     <span class='ocr_line' id='line_1_5' title="bbox 693 844 2189 897; baseline -0.001 0"><span class='ocrx_word' id='word_1_30' title='bbox 693 846 761 897; x_wconf 91' lang='lat' dir='ltr'><strong>de</strong></span> <span class='ocrx_word' id='word_1_31' title='bbox 802 862 946 897; x_wconf 85' lang='lat' dir='ltr'><strong>recor</strong></span> <span class='ocrx_word' id='word_1_32' title='bbox 967 845 1057 897; x_wconf 90' lang='lat' dir='ltr'><strong>hic</strong></span> <span class='ocrx_word' id='word_1_33' title='bbox 1081 845 1305 897; x_wconf 78' lang='lat' dir='ltr'>umbrae</span> <span class='ocrx_word' id='word_1_34' title='bbox 1328 844 1517 895; x_wconf 89' lang='lat' dir='ltr'><strong>mollia</strong></span> <span class='ocrx_word' id='word_1_35' title='bbox 1539 845 1660 896; x_wconf 88' lang='lat' dir='ltr'><strong>iura</strong></span> <span class='ocrx_word' id='word_1_36' title='bbox 1682 861 1851 896; x_wconf 86' lang='lat' dir='ltr'><strong>meae.</strong></span> <span class='ocrx_word' id='word_1_37' title='bbox 2132 847 2189 895; x_wconf 82' lang='lat'><strong>18</strong></span> 
     </span>
    </p>

    <p class='ocr_par' dir='ltr' id='par_1_4' title="bbox 626 909 2181 1027">
     <span class='ocr_line' id='line_1_6' title="bbox 626 909 2181 970; baseline -0.001 -8"><span class='ocrx_word' id='word_1_38' title='bbox 626 911 755 962; x_wconf 83' lang='lat' dir='ltr'><strong>assi(</strong></span> <span class='ocrx_word' id='word_1_39' title='bbox 778 917 907 962; x_wconf 88' lang='lat' dir='ltr'><strong>eant</strong></span> <span class='ocrx_word' id='word_1_40' title='bbox 930 909 1145 970; x_wconf 78' lang='lat' dir='ltr'><strong>fratres,</strong></span> <span class='ocrx_word' id='word_1_41' title='bbox 1172 910 1333 961; x_wconf 85' lang='lat' dir='ltr'><strong>iuxta</strong></span> <span class='ocrx_word' id='word_1_42' title='bbox 1356 910 1604 961; x_wconf 80' lang='lat' dir='ltr'><strong>Minoida</strong></span> <span class='ocrx_word' id='word_1_43' title='bbox 1626 909 1818 961; x_wconf 86' lang='lat' dir='ltr'><strong>sellam</strong></span> <span class='ocrx_word' id='word_1_44' title='bbox 2124 924 2181 960; x_wconf 86' lang='lat'><strong>21</strong></span> 
     </span>
     <span class='ocr_line' id='line_1_7' title="bbox 696 974 1854 1027; baseline -0.001 -1"><span class='ocrx_word' id='word_1_45' title='bbox 696 975 1058 1026; x_wconf 82' lang='lat' dir='ltr'><strong>Eumenidum</strong></span> <span class='ocrx_word' id='word_1_46' title='bbox 1083 975 1298 1027; x_wconf 84' lang='lat' dir='ltr'><strong>intento</strong></span> <span class='ocrx_word' id='word_1_47' title='bbox 1323 974 1486 1026; x_wconf 88' lang='lat' dir='ltr'><strong>turba</strong></span> <span class='ocrx_word' id='word_1_48' title='bbox 1507 990 1702 1026; x_wconf 87' lang='lat' dir='ltr'><strong>seuera</strong></span> <span class='ocrx_word' id='word_1_49' title='bbox 1724 975 1854 1025; x_wconf 76' lang='lat' dir='ltr'><strong>foro.</strong></span> 
     </span>
    </p>

    <p class='ocr_par' dir='ltr' id='par_1_5' title="bbox 627 1039 1969 1180">
     <span class='ocr_line' id='line_1_8' title="bbox 627 1039 1969 1100; baseline -0.002 -8"><span class='ocrx_word' id='word_1_50' title='bbox 627 1040 714 1092; x_wconf 81' lang='lat' dir='ltr'><strong>Sis</strong></span> <span class='ocrx_word' id='word_1_51' title='bbox 791 1040 875 1100; x_wconf 87' lang='lat' dir='ltr'><strong>he,</strong></span> <span class='ocrx_word' id='word_1_52' title='bbox 904 1040 1045 1092; x_wconf 88' lang='lat' dir='ltr'><strong>mole</strong></span> <span class='ocrx_word' id='word_1_53' title='bbox 1067 1056 1229 1090; x_wconf 83' lang='lat' dir='ltr'><strong>uaces</strong></span> <span class='ocrx_word' id='word_1_54' title='bbox 1252 1060 1266 1099; x_wconf 70' lang='grc' dir='ltr'>ς</span> <span class='ocrx_word' id='word_1_55' title='bbox 1300 1043 1524 1090; x_wconf 85' lang='lat' dir='ltr'><strong>taceant</strong></span> <span class='ocrx_word' id='word_1_56' title='bbox 1549 1039 1756 1090; x_wconf 83' lang='lat' dir='ltr'>Ixionis</span> <span class='ocrx_word' id='word_1_57' title='bbox 1778 1039 1932 1090; x_wconf 84' lang='lat' dir='ltr'><strong>orbes</strong></span> <span class='ocrx_word' id='word_1_58' title='bbox 1955 1057 1969 1099; x_wconf 79' lang='lat'>3</span> 
     </span>
     <span class='ocr_line' id='line_1_9' title="bbox 693 1104 1789 1180; baseline -0.001 -25"><span class='ocrx_word' id='word_1_59' title='bbox 693 1104 751 1156; x_wconf 84' lang='lat' dir='ltr'><strong>fa</strong></span> <span class='ocrx_word' id='word_1_60' title='bbox 773 1104 865 1155; x_wconf 85' lang='lat' dir='ltr'><strong>lax</strong></span> <span class='ocrx_word' id='word_1_61' title='bbox 890 1104 1159 1156; x_wconf 86' lang='lat' dir='ltr'><strong>Tantaleo</strong></span> <span class='ocrx_word' id='word_1_62' title='bbox 1181 1105 1442 1180; x_wconf 78' lang='lat' dir='ltr'><strong>corripere</strong></span> <span class='ocrx_word' id='word_1_63' title='bbox 1465 1120 1555 1155; x_wconf 89' lang='lat' dir='ltr'><strong>ore</strong></span> <span class='ocrx_word' id='word_1_64' title='bbox 1581 1104 1789 1170; x_wconf 88' lang='lat' dir='ltr'><strong>liquor;</strong></span> 
     </span>
    </p>

    <p class='ocr_par' dir='ltr' id='par_1_6' title="bbox 628 1168 2183 1286">
     <span class='ocr_line' id='line_1_10' title="bbox 628 1168 2183 1235; baseline -0.001 -14"><span class='ocrx_word' id='word_1_65' title='bbox 628 1168 893 1221; x_wconf 80' lang='lat' dir='ltr'>Cerberus</span> <span class='ocrx_word' id='word_1_66' title='bbox 916 1174 973 1221; x_wconf 82' lang='lat' dir='ltr'><strong>et</strong></span> <span class='ocrx_word' id='word_1_67' title='bbox 996 1169 1177 1220; x_wconf 88' lang='lat' dir='ltr'><strong>nullas</strong></span> <span class='ocrx_word' id='word_1_68' title='bbox 1201 1169 1361 1220; x_wconf 81' lang='lat' dir='ltr'><strong>hodie</strong></span> <span class='ocrx_word' id='word_1_69' title='bbox 1385 1173 1540 1235; x_wconf 87' lang='lat' dir='ltr'><strong>petat</strong></span> <span class='ocrx_word' id='word_1_70' title='bbox 1562 1169 1821 1234; x_wconf 88' lang='lat' dir='ltr'><strong>inprobus</strong></span> <span class='ocrx_word' id='word_1_71' title='bbox 1845 1168 2082 1230; x_wconf 76' lang='lat' dir='ltr'><strong>umbrae,</strong></span> <span class='ocrx_word' id='word_1_72' title='bbox 2123 1179 2183 1234; x_wconf 84' lang='lat'><strong>²5</strong></span> 
     </span>
     <span class='ocr_line' id='line_1_11' title="bbox 692 1234 1669 1286; baseline -0.001 -1"><span class='ocrx_word' id='word_1_73' title='bbox 692 1240 750 1286; x_wconf 88' lang='lat' dir='ltr'><strong>et</strong></span> <span class='ocrx_word' id='word_1_74' title='bbox 774 1234 949 1286; x_wconf 88' lang='lat' dir='ltr'><strong>iaceat</strong></span> <span class='ocrx_word' id='word_1_75' title='bbox 972 1235 1146 1286; x_wconf 86' lang='lat' dir='ltr'><strong>tacita</strong></span> <span class='ocrx_word' id='word_1_76' title='bbox 1169 1234 1297 1285; x_wconf 86' lang='lat' dir='ltr'><strong>laxa</strong></span> <span class='ocrx_word' id='word_1_77' title='bbox 1318 1239 1515 1285; x_wconf 87' lang='lat' dir='ltr'><strong>catena</strong></span> <span class='ocrx_word' id='word_1_78' title='bbox 1536 1250 1669 1285; x_wconf 87' lang='lat' dir='ltr'><strong>sera.</strong></span> 
     </span>
    </p>

    <p class='ocr_par' dir='ltr' id='par_1_7' title="bbox 627 1298 1943 1429">
     <span class='ocr_line' id='line_1_12' title="bbox 627 1298 1943 1366; baseline 0 -17"><span class='ocrx_word' id='word_1_79' title='bbox 627 1300 750 1365; x_wconf 85' lang='lat' dir='ltr'><strong>ipsa</strong></span> <span class='ocrx_word' id='word_1_80' title='bbox 772 1299 964 1366; x_wconf 89' lang='lat' dir='ltr'><strong>loquar</strong></span> <span class='ocrx_word' id='word_1_81' title='bbox 986 1316 1081 1366; x_wconf 90' lang='lat' dir='ltr'><strong>pro</strong></span> <span class='ocrx_word' id='word_1_82' title='bbox 1103 1315 1189 1351; x_wconf 89' lang='lat' dir='ltr'><strong>me</strong></span> <span class='ocrx_word' id='word_1_83' title='bbox 1210 1320 1221 1350; x_wconf 89' lang='lat'>:</span> <span class='ocrx_word' id='word_1_84' title='bbox 1257 1299 1304 1349; x_wconf 90' lang='lat' dir='ltr'><strong>si</strong></span> <span class='ocrx_word' id='word_1_85' title='bbox 1327 1298 1477 1360; x_wconf 75' lang='lat' dir='ltr'><strong>fallo,</strong></span> <span class='ocrx_word' id='word_1_86' title='bbox 1504 1314 1677 1364; x_wconf 89' lang='lat' dir='ltr'><strong>poena</strong></span> <span class='ocrx_word' id='word_1_87' title='bbox 1700 1314 1943 1349; x_wconf 87' lang='lat' dir='ltr'><strong>sororum</strong></span> 
     </span>
     <span class='ocr_line' id='line_1_13' title="bbox 692 1364 1685 1429; baseline -0.001 -14"><span class='ocrx_word' id='word_1_88' title='bbox 692 1364 883 1415; x_wconf 84' lang='lat' dir='ltr'><strong>infelix</strong></span> <span class='ocrx_word' id='word_1_89' title='bbox 909 1381 1121 1416; x_wconf 88' lang='lat' dir='ltr'><strong>umeros</strong></span> <span class='ocrx_word' id='word_1_90' title='bbox 1144 1367 1340 1429; x_wconf 85' lang='lat' dir='ltr'><strong>urgeat</strong></span> <span class='ocrx_word' id='word_1_91' title='bbox 1362 1379 1500 1414; x_wconf 86' lang='lat' dir='ltr'><strong>urna</strong></span> <span class='ocrx_word' id='word_1_92' title='bbox 1523 1379 1685 1415; x_wconf 83' lang='lat' dir='ltr'><strong>meos.</strong></span> 
     </span>
    </p>
   </div>
   <div class='ocr_carea' id='block_1_3' title="bbox 520 1427 1824 1495">
    <p class='ocr_par' dir='ltr' id='par_1_8' title="bbox 520 1427 1824 1495">
     <span class='ocr_line' id='line_1_14' title="bbox 520 1427 1824 1495; baseline -0.002 -14"><span class='ocrx_word' id='word_1_93' title='bbox 520 1476 527 1481; x_wconf 81' lang='grc'><strong>.</strong></span> <span class='ocrx_word' id='word_1_94' title='bbox 625 1428 764 1480; x_wconf 90' lang='lat' dir='ltr'><strong>sicui</strong></span> <span class='ocrx_word' id='word_1_95' title='bbox 786 1429 936 1480; x_wconf 85' lang='lat' dir='ltr'><strong>fama</strong></span> <span class='ocrx_word' id='word_1_96' title='bbox 959 1429 1066 1480; x_wconf 85' lang='lat' dir='ltr'><strong>fuit</strong></span> <span class='ocrx_word' id='word_1_97' title='bbox 1090 1445 1182 1495; x_wconf 89' lang='lat' dir='ltr'><strong>per</strong></span> <span class='ocrx_word' id='word_1_98' title='bbox 1204 1428 1360 1480; x_wconf 85' lang='lat' dir='ltr'><strong>auita</strong></span> <span class='ocrx_word' id='word_1_99' title='bbox 1383 1434 1604 1495; x_wconf 84' lang='lat' dir='ltr'><strong>tropaea</strong></span> <span class='ocrx_word' id='word_1_100' title='bbox 1627 1427 1824 1487; x_wconf 88' lang='lat' dir='ltr'><strong>decori,</strong></span> 
     </span>
    </p>
   </div>
   <div class='ocr_carea' id='block_1_4' title="bbox 626 1492 2185 2209">
    <p class='ocr_par' dir='ltr' id='par_1_9' title="bbox 626 1492 2185 2209">
     <span class='ocr_line' id='line_1_15' title="bbox 693 1492 2185 1559; baseline -0.001 -14"><span class='ocrx_word' id='word_1_101' title='bbox 693 1493 834 1545; x_wconf 78' lang='lat' dir='ltr'><strong>Afra</strong></span> <span class='ocrx_word' id='word_1_102' title='bbox 856 1494 1224 1545; x_wconf 78' lang='lat' dir='ltr'><strong>Numantinos</strong></span> <span class='ocrx_word' id='word_1_103' title='bbox 1248 1509 1416 1559; x_wconf 86' lang='lat' dir='ltr'><strong>regna</strong></span> <span class='ocrx_word' id='word_1_104' title='bbox 1438 1492 1690 1544; x_wconf 87' lang='lat' dir='ltr'><strong>locuntur</strong></span> <span class='ocrx_word' id='word_1_105' title='bbox 1712 1508 1846 1543; x_wconf 87' lang='lat' dir='ltr'><strong>auos</strong></span> <span class='ocrx_word' id='word_1_106' title='bbox 1867 1513 1879 1544; x_wconf 74' lang='grc' dir='ltr'><strong>ε</strong></span> <span class='ocrx_word' id='word_1_107' title='bbox 2121 1507 2185 1557; x_wconf 85' lang='lat'><strong>30</strong></span> 
     </span>
     <span class='ocr_line' id='line_1_16' title="bbox 628 1557 1856 1624; baseline -0.002 -14"><span class='ocrx_word' id='word_1_108' title='bbox 628 1558 804 1610; x_wconf 86' lang='lat' dir='ltr'><strong>altera</strong></span> <span class='ocrx_word' id='word_1_109' title='bbox 826 1566 1099 1610; x_wconf 88' lang='lat' dir='ltr'><strong>maternos</strong></span> <span class='ocrx_word' id='word_1_110' title='bbox 1121 1564 1397 1624; x_wconf 78' lang='lat' dir='ltr'>exaequat</span> <span class='ocrx_word' id='word_1_111' title='bbox 1420 1557 1583 1609; x_wconf 86' lang='lat' dir='ltr'><strong>turba</strong></span> <span class='ocrx_word' id='word_1_112' title='bbox 1608 1557 1856 1618; x_wconf 88' lang='lat' dir='ltr'><strong>Libones,</strong></span> 
     </span>
     <span class='ocr_line' id='line_1_17' title="bbox 693 1622 1849 1689; baseline -0.002 -14"><span class='ocrx_word' id='word_1_113' title='bbox 693 1628 750 1675; x_wconf 86' lang='lat' dir='ltr'><strong>et</strong></span> <span class='ocrx_word' id='word_1_114' title='bbox 773 1624 966 1675; x_wconf 89' lang='lat' dir='ltr'><strong>domus</strong></span> <span class='ocrx_word' id='word_1_115' title='bbox 989 1629 1074 1675; x_wconf 83' lang='lat' dir='ltr'><strong>est</strong></span> <span class='ocrx_word' id='word_1_116' title='bbox 1097 1623 1277 1675; x_wconf 86' lang='lat' dir='ltr'><strong>titulis</strong></span> <span class='ocrx_word' id='word_1_117' title='bbox 1301 1629 1532 1689; x_wconf 87' lang='lat' dir='ltr'><strong>utraque</strong></span> <span class='ocrx_word' id='word_1_118' title='bbox 1556 1622 1699 1673; x_wconf 74' lang='lat' dir='ltr'><strong>fulta</strong></span> <span class='ocrx_word' id='word_1_119' title='bbox 1722 1622 1849 1673; x_wconf 87' lang='lat' dir='ltr'><strong>suis.</strong></span> 
     </span>
     <span class='ocr_line' id='line_1_18' title="bbox 626 1687 2183 1765; baseline -0.001 -26"><span class='ocrx_word' id='word_1_120' title='bbox 626 1705 733 1739; x_wconf 89' lang='lat' dir='ltr'><strong>non</strong></span> <span class='ocrx_word' id='word_1_121' title='bbox 758 1688 865 1765; x_wconf 59' lang='lat' dir='ltr'><strong>{uit</strong></span> <span class='ocrx_word' id='word_1_122' title='bbox 888 1688 1104 1739; x_wconf 84' lang='lat' dir='ltr'><strong>exuuiis</strong></span> <span class='ocrx_word' id='word_1_123' title='bbox 1128 1688 1300 1739; x_wconf 86' lang='lat' dir='ltr'><strong>tantis</strong></span> <span class='ocrx_word' id='word_1_124' title='bbox 1324 1687 1576 1763; x_wconf 75' lang='lat' dir='ltr'><strong>Cornelia</strong></span> <span class='ocrx_word' id='word_1_125' title='bbox 1596 1688 1855 1738; x_wconf 88' lang='lat' dir='ltr'><strong>damnum</strong></span> <span class='ocrx_word' id='word_1_126' title='bbox 1879 1708 1890 1738; x_wconf 71' lang='grc' dir='ltr'>ε</span> <span class='ocrx_word' id='word_1_127' title='bbox 2119 1702 2183 1751; x_wconf 88' lang='lat'><strong>43</strong></span> 
     </span>
     <span class='ocr_line' id='line_1_19' title="bbox 626 1752 2185 1893; baseline -0.001 -24"><span class='ocrx_word' id='word_1_128' title='bbox 626 1758 906 1878; x_wconf 49' lang='lat' dir='ltr'><strong>„132¹ssssss</strong></span> <span class='ocrx_word' id='word_1_129' title='bbox 918 1760 1157 1869; x_wconf 48' lang='lat' dir='ltr'><strong>ii&#39;ss‘fssei</strong></span> <span class='ocrx_word' id='word_1_130' title='bbox 1199 1769 1450 1868; x_wconf 51' lang='grc' dir='ltr'><strong>...8ἶὲᾃῖἙέ</strong></span> <span class='ocrx_word' id='word_1_131' title='bbox 1470 1752 2012 1893; x_wconf 48' lang='grc' dir='ltr'><strong>3ἐὲῗέἓῖαῆἱίᾞῖίῆ</strong></span> <span class='ocrx_word' id='word_1_132' title='bbox 2115 1769 2185 1882; x_wconf 70' lang='lat'><strong>33</strong></span> 
     </span>
     <span class='ocr_line' id='line_1_20' title="bbox 692 1882 1812 1958; baseline -0.002 -25"><span class='ocrx_word' id='word_1_133' title='bbox 692 1882 874 1934; x_wconf 88' lang='lat' dir='ltr'><strong>uinxit</strong></span> <span class='ocrx_word' id='word_1_134' title='bbox 896 1888 953 1934; x_wconf 90' lang='lat' dir='ltr'><strong>et</strong></span> <span class='ocrx_word' id='word_1_135' title='bbox 976 1887 1226 1948; x_wconf 85' lang='lat' dir='ltr'><strong>acceptas</strong></span> <span class='ocrx_word' id='word_1_136' title='bbox 1248 1882 1424 1958; x_wconf 78' lang='lat' dir='ltr'><strong>altera</strong></span> <span class='ocrx_word' id='word_1_137' title='bbox 1446 1886 1592 1934; x_wconf 74' lang='lat' dir='ltr'><strong>uitta</strong></span> <span class='ocrx_word' id='word_1_138' title='bbox 1613 1897 1812 1957; x_wconf 74' lang='lat' dir='ltr'><strong>comas,</strong></span> 
     </span>
     <span class='ocr_line' id='line_1_21' title="bbox 627 1946 2182 2013; baseline -0.002 -14"><span class='ocrx_word' id='word_1_139' title='bbox 627 1947 838 2013; x_wconf 86' lang='lat' dir='ltr'><strong>iungor,</strong></span> <span class='ocrx_word' id='word_1_140' title='bbox 867 1947 1056 2008; x_wconf 84' lang='lat' dir='ltr'><strong>Paule,</strong></span> <span class='ocrx_word' id='word_1_141' title='bbox 1084 1952 1182 1999; x_wconf 89' lang='lat' dir='ltr'><strong>tuo</strong></span> <span class='ocrx_word' id='word_1_142' title='bbox 1204 1948 1282 1998; x_wconf 94' lang='lat' dir='ltr'><strong>sic</strong></span> <span class='ocrx_word' id='word_1_143' title='bbox 1305 1947 1606 1998; x_wconf 83' lang='lat' dir='ltr'><strong>discessura</strong></span> <span class='ocrx_word' id='word_1_144' title='bbox 1627 1946 1811 2008; x_wconf 79' lang='lat' dir='ltr'><strong>cubili,</strong></span> <span class='ocrx_word' id='word_1_145' title='bbox 2120 1959 2182 2011; x_wconf 86' lang='lat'><strong>35</strong></span> 
     </span>
     <span class='ocr_line' id='line_1_22' title="bbox 690 2010 1776 2079; baseline -0.002 -16"><span class='ocrx_word' id='word_1_146' title='bbox 690 2019 754 2063; x_wconf 83' lang='lat' dir='ltr'><strong>ut</strong></span> <span class='ocrx_word' id='word_1_147' title='bbox 777 2012 957 2079; x_wconf 85' lang='lat' dir='ltr'><strong>lapide</strong></span> <span class='ocrx_word' id='word_1_148' title='bbox 980 2013 1080 2063; x_wconf 91' lang='lat' dir='ltr'><strong>hoc</strong></span> <span class='ocrx_word' id='word_1_149' title='bbox 1105 2012 1199 2063; x_wconf 91' lang='lat' dir='ltr'><strong>uni</strong></span> <span class='ocrx_word' id='word_1_150' title='bbox 1224 2017 1396 2078; x_wconf 86' lang='lat' dir='ltr'><strong>nupta</strong></span> <span class='ocrx_word' id='word_1_151' title='bbox 1419 2011 1587 2062; x_wconf 76' lang='lat' dir='ltr'><strong>fuisse</strong></span> <span class='ocrx_word' id='word_1_152' title='bbox 1609 2010 1776 2075; x_wconf 78' lang='lat' dir='ltr'><strong>legar.</strong></span> 
     </span>
     <span class='ocr_line' id='line_1_23' title="bbox 626 2076 1972 2139; baseline -0.001 -10"><span class='ocrx_word' id='word_1_153' title='bbox 626 2082 797 2129; x_wconf 85' lang='lat' dir='ltr'><strong>testor</strong></span> <span class='ocrx_word' id='word_1_154' title='bbox 820 2077 1082 2129; x_wconf 86' lang='lat' dir='ltr'><strong>maiorum</strong></span> <span class='ocrx_word' id='word_1_155' title='bbox 1108 2077 1313 2128; x_wconf 83' lang='lat' dir='ltr'><strong>cineres</strong></span> <span class='ocrx_word' id='word_1_156' title='bbox 1337 2076 1455 2137; x_wconf 89' lang='lat' dir='ltr'><strong>tibi,</strong></span> <span class='ocrx_word' id='word_1_157' title='bbox 1484 2076 1676 2137; x_wconf 88' lang='lat' dir='ltr'><strong>Roma,</strong></span> <span class='ocrx_word' id='word_1_158' title='bbox 1703 2076 1972 2139; x_wconf 88' lang='lat' dir='ltr'><strong>colendos,</strong></span> 
     </span>
     <span class='ocr_line' id='line_1_24' title="bbox 688 2141 1873 2209; baseline -0.002 -16"><span class='ocrx_word' id='word_1_159' title='bbox 688 2142 793 2193; x_wconf 88' lang='lat' dir='ltr'><strong>sub</strong></span> <span class='ocrx_word' id='word_1_160' title='bbox 815 2159 1045 2209; x_wconf 87' lang='lat' dir='ltr'><strong>quorum</strong></span> <span class='ocrx_word' id='word_1_161' title='bbox 1068 2141 1266 2203; x_wconf 89' lang='lat' dir='ltr'><strong>titulis,</strong></span> <span class='ocrx_word' id='word_1_162' title='bbox 1292 2141 1498 2202; x_wconf 76' lang='lat' dir='ltr'><strong>Africa,</strong></span> <span class='ocrx_word' id='word_1_163' title='bbox 1527 2147 1690 2192; x_wconf 87' lang='lat' dir='ltr'><strong>tunsa</strong></span> <span class='ocrx_word' id='word_1_164' title='bbox 1713 2141 1873 2203; x_wconf 76' lang='lat' dir='ltr'><strong>iaceS,</strong></span> 
     </span>
    </p>
   </div>
   <div class='ocr_carea' id='block_1_5' title="bbox 627 2334 2183 2582">
    <p class='ocr_par' dir='ltr' id='par_1_10' title="bbox 627 2334 2183 2582">
     <span class='ocr_line' id='line_1_25' title="bbox 627 2334 1994 2403; baseline -0.001 -15"><span class='ocrx_word' id='word_1_165' title='bbox 627 2342 686 2388; x_wconf 86' lang='lat' dir='ltr'><strong>et</strong></span> <span class='ocrx_word' id='word_1_166' title='bbox 710 2337 909 2388; x_wconf 81' lang='lat' dir='ltr'><strong>Persen</strong></span> <span class='ocrx_word' id='word_1_167' title='bbox 935 2352 1137 2403; x_wconf 90' lang='lat' dir='ltr'><strong>proauo</strong></span> <span class='ocrx_word' id='word_1_168' title='bbox 1159 2335 1536 2388; x_wconf 75' lang='lat' dir='ltr'><strong>stimulantem</strong></span> <span class='ocrx_word' id='word_1_169' title='bbox 1562 2339 1751 2402; x_wconf 88' lang='lat' dir='ltr'><strong>pectus</strong></span> <span class='ocrx_word' id='word_1_170' title='bbox 1778 2334 1994 2386; x_wconf 81' lang='lat' dir='ltr'><strong>Achille</strong></span> 
     </span>
     <span class='ocr_line' id='line_1_26' title="bbox 691 2400 2183 2468; baseline 0 -16"><span class='ocrx_word' id='word_1_171' title='bbox 691 2402 894 2468; x_wconf 87' lang='lat' dir='ltr'><strong>quique</strong></span> <span class='ocrx_word' id='word_1_172' title='bbox 918 2406 1044 2453; x_wconf 88' lang='lat' dir='ltr'><strong>tuas</strong></span> <span class='ocrx_word' id='word_1_173' title='bbox 1067 2418 1297 2467; x_wconf 87' lang='lat' dir='ltr'><strong>proauos</strong></span> <span class='ocrx_word' id='word_1_174' title='bbox 1321 2400 1503 2466; x_wconf 83' lang='lat' dir='ltr'><strong>fregit,</strong></span> <span class='ocrx_word' id='word_1_175' title='bbox 1531 2401 1768 2459; x_wconf 6' lang='lat' dir='ltr'><strong>Auernae,</strong></span> <span class='ocrx_word' id='word_1_176' title='bbox 1796 2400 2001 2461; x_wconf 72' lang='lat' dir='ltr'><strong>domm,</strong></span> <span class='ocrx_word' id='word_1_177' title='bbox 2116 2416 2183 2463; x_wconf 87' lang='lat'><strong>40</strong></span> 
     </span>
     <span class='ocr_line' id='line_1_27' title="bbox 627 2464 1920 2532; baseline 0 -17"><span class='ocrx_word' id='word_1_178' title='bbox 627 2482 712 2516; x_wconf 88' lang='lat' dir='ltr'><strong>me</strong></span> <span class='ocrx_word' id='word_1_179' title='bbox 736 2483 913 2532; x_wconf 88' lang='lat' dir='ltr'><strong>neque</strong></span> <span class='ocrx_word' id='word_1_180' title='bbox 936 2482 1195 2518; x_wconf 79' lang='lat' dir='ltr'><strong>censurae</strong></span> <span class='ocrx_word' id='word_1_181' title='bbox 1219 2466 1393 2531; x_wconf 81' lang='lat' dir='ltr'><strong>legem</strong></span> <span class='ocrx_word' id='word_1_182' title='bbox 1417 2465 1656 2516; x_wconf 86' lang='lat' dir='ltr'><strong>mollisse</strong></span> <span class='ocrx_word' id='word_1_183' title='bbox 1681 2481 1779 2516; x_wconf 88' lang='lat' dir='ltr'><strong>nec</strong></span> <span class='ocrx_word' id='word_1_184' title='bbox 1806 2464 1920 2516; x_wconf 86' lang='lat' dir='ltr'><strong>ulla</strong></span> 
     </span>
     <span class='ocr_line' id='line_1_28' title="bbox 691 2530 1679 2582; baseline -0.001 0"><span class='ocrx_word' id='word_1_185' title='bbox 691 2531 813 2582; x_wconf 89' lang='lat' dir='ltr'><strong>labe</strong></span> <span class='ocrx_word' id='word_1_186' title='bbox 838 2547 960 2582; x_wconf 87' lang='lat' dir='ltr'><strong>mea</strong></span> <span class='ocrx_word' id='word_1_187' title='bbox 982 2537 1192 2582; x_wconf 88' lang='lat' dir='ltr'><strong>nostros</strong></span> <span class='ocrx_word' id='word_1_188' title='bbox 1215 2530 1495 2582; x_wconf 86' lang='lat' dir='ltr'><strong>erubuisse</strong></span> <span class='ocrx_word' id='word_1_189' title='bbox 1519 2530 1679 2581; x_wconf 78' lang='lat' dir='ltr'><strong>socos.</strong></span> 
     </span>
    </p>
   </div>
   <div class='ocr_carea' id='block_1_6' title="bbox 624 2593 2181 2856">
    <p class='ocr_par' dir='ltr' id='par_1_11' title="bbox 624 2593 2181 2856">
     <span class='ocr_line' id='line_1_29' title="bbox 626 2593 2178 2661; baseline -0.002 -15"><span class='ocrx_word' id='word_1_190' title='bbox 626 2596 700 2646; x_wconf 92' lang='lat' dir='ltr'><strong>mi</strong></span> <span class='ocrx_word' id='word_1_191' title='bbox 724 2602 921 2647; x_wconf 89' lang='lat' dir='ltr'><strong>natura</strong></span> <span class='ocrx_word' id='word_1_192' title='bbox 943 2595 1096 2647; x_wconf 83' lang='lat' dir='ltr'><strong>dedit</strong></span> <span class='ocrx_word' id='word_1_193' title='bbox 1118 2596 1265 2661; x_wconf 86' lang='lat' dir='ltr'><strong>leges</strong></span> <span class='ocrx_word' id='word_1_194' title='bbox 1286 2612 1322 2646; x_wconf 90' lang='lat' dir='ltr'><strong>a</strong></span> <span class='ocrx_word' id='word_1_195' title='bbox 1342 2595 1608 2661; x_wconf 77' lang='lat' dir='ltr'><strong>sanguine</strong></span> <span class='ocrx_word' id='word_1_196' title='bbox 1631 2593 1843 2655; x_wconf 88' lang='lat' dir='ltr'><strong>ductas,</strong></span> <span class='ocrx_word' id='word_1_197' title='bbox 2115 2606 2178 2655; x_wconf 88' lang='lat'><strong>47</strong></span> 
     </span>
     <span class='ocr_line' id='line_1_30' title="bbox 688 2660 2181 2727; baseline -0.002 -16"><span class='ocrx_word' id='word_1_198' title='bbox 688 2677 757 2712; x_wconf 90' lang='lat' dir='ltr'><strong>ne</strong></span> <span class='ocrx_word' id='word_1_199' title='bbox 780 2677 988 2727; x_wconf 86' lang='lat' dir='ltr'><strong>possem</strong></span> <span class='ocrx_word' id='word_1_200' title='bbox 1014 2661 1203 2712; x_wconf 88' lang='lat' dir='ltr'><strong>melior</strong></span> <span class='ocrx_word' id='word_1_201' title='bbox 1224 2660 1419 2712; x_wconf 89' lang='lat' dir='ltr'><strong>iudicis</strong></span> <span class='ocrx_word' id='word_1_202' title='bbox 1442 2676 1558 2710; x_wconf 85' lang='lat' dir='ltr'><strong>esse</strong></span> <span class='ocrx_word' id='word_1_203' title='bbox 1582 2663 1748 2710; x_wconf 89' lang='lat' dir='ltr'><strong>metu.</strong></span> <span class='ocrx_word' id='word_1_204' title='bbox 2115 2660 2181 2720; x_wconf 87' lang='lat'><strong>48</strong></span> 
     </span>
     <span class='ocr_line' id='line_1_31' title="bbox 624 2724 2178 2786; baseline 0 -11"><span class='ocrx_word' id='word_1_205' title='bbox 624 2742 723 2776; x_wconf 83' lang='lat' dir='ltr'><strong>nec</strong></span> <span class='ocrx_word' id='word_1_206' title='bbox 746 2741 870 2776; x_wconf 87' lang='lat' dir='ltr'><strong>mea</strong></span> <span class='ocrx_word' id='word_1_207' title='bbox 892 2730 1106 2776; x_wconf 83' lang='lat' dir='ltr'><strong>mutata</strong></span> <span class='ocrx_word' id='word_1_208' title='bbox 1129 2730 1215 2777; x_wconf 91' lang='lat' dir='ltr'><strong>est</strong></span> <span class='ocrx_word' id='word_1_209' title='bbox 1235 2730 1407 2785; x_wconf 87' lang='lat' dir='ltr'><strong>aetas,</strong></span> <span class='ocrx_word' id='word_1_210' title='bbox 1435 2725 1551 2775; x_wconf 87' lang='lat' dir='ltr'><strong>sine</strong></span> <span class='ocrx_word' id='word_1_211' title='bbox 1574 2724 1796 2774; x_wconf 88' lang='lat' dir='ltr'><strong>crimine</strong></span> <span class='ocrx_word' id='word_1_212' title='bbox 1819 2728 1940 2774; x_wconf 87' lang='lat' dir='ltr'><strong>tota</strong></span> <span class='ocrx_word' id='word_1_213' title='bbox 1963 2729 2078 2775; x_wconf 85' lang='lat' dir='ltr'><strong>est:</strong></span> <span class='ocrx_word' id='word_1_214' title='bbox 2116 2737 2178 2786; x_wconf 83' lang='grc'><strong>45</strong></span> 
     </span>
     <span class='ocr_line' id='line_1_32' title="bbox 689 2788 2181 2856; baseline -0.003 -15"><span class='ocrx_word' id='word_1_215' title='bbox 689 2791 931 2841; x_wconf 87' lang='lat' dir='ltr'><strong>uiximus</strong></span> <span class='ocrx_word' id='word_1_216' title='bbox 953 2790 1193 2856; x_wconf 85' lang='lat' dir='ltr'><strong>insignes</strong></span> <span class='ocrx_word' id='word_1_217' title='bbox 1216 2791 1358 2841; x_wconf 85' lang='lat' dir='ltr'><strong>inter</strong></span> <span class='ocrx_word' id='word_1_218' title='bbox 1380 2794 1672 2855; x_wconf 88' lang='lat' dir='ltr'><strong>utramque</strong></span> <span class='ocrx_word' id='word_1_219' title='bbox 1694 2788 1882 2839; x_wconf 80' lang='lat' dir='ltr'><strong>facem.</strong></span> <span class='ocrx_word' id='word_1_220' title='bbox 2116 2790 2181 2850; x_wconf 88' lang='grc'><strong>46</strong></span> 
     </span>
    </p>
   </div>
   <div class='ocr_carea' id='block_1_7' title="bbox 620 2853 2184 3311">
    <p class='ocr_par' dir='ltr' id='par_1_12' title="bbox 620 2853 2184 3311">
     <span class='ocr_line' id='line_1_33' title="bbox 624 2853 2179 2921; baseline -0.001 -15"><span class='ocrx_word' id='word_1_221' title='bbox 624 2871 723 2906; x_wconf 89' lang='lat' dir='ltr'><strong>nec</strong></span> <span class='ocrx_word' id='word_1_222' title='bbox 746 2860 816 2915; x_wconf 89' lang='lat' dir='ltr'><strong>te,</strong></span> <span class='ocrx_word' id='word_1_223' title='bbox 844 2855 1002 2907; x_wconf 87' lang='lat' dir='ltr'><strong>dulce</strong></span> <span class='ocrx_word' id='word_1_224' title='bbox 1025 2860 1207 2921; x_wconf 84' lang='lat' dir='ltr'><strong>caput,</strong></span> <span class='ocrx_word' id='word_1_225' title='bbox 1231 2860 1407 2906; x_wconf 88' lang='lat' dir='ltr'><strong>mater</strong></span> <span class='ocrx_word' id='word_1_226' title='bbox 1429 2853 1725 2913; x_wconf 83' lang='lat' dir='ltr'><strong>Scribonia,</strong></span> <span class='ocrx_word' id='word_1_227' title='bbox 1752 2853 1885 2904; x_wconf 78' lang='lat' dir='ltr'><strong>laesi</strong></span> <span class='ocrx_word' id='word_1_228' title='bbox 1908 2874 1919 2905; x_wconf 68' lang='grc' dir='ltr'><strong>ι</strong></span> <span class='ocrx_word' id='word_1_229' title='bbox 2119 2866 2179 2918; x_wconf 94' lang='grc'><strong>55</strong></span> 
     </span>
     <span class='ocr_line' id='line_1_34' title="bbox 689 2918 1787 2986; baseline -0.003 -14"><span class='ocrx_word' id='word_1_230' title='bbox 689 2920 746 2972; x_wconf 90' lang='lat' dir='ltr'><strong>in</strong></span> <span class='ocrx_word' id='word_1_231' title='bbox 771 2937 857 2972; x_wconf 91' lang='lat' dir='ltr'><strong>me</strong></span> <span class='ocrx_word' id='word_1_232' title='bbox 880 2925 1160 2972; x_wconf 87' lang='lat' dir='ltr'><strong>mutatum</strong></span> <span class='ocrx_word' id='word_1_233' title='bbox 1183 2920 1314 2986; x_wconf 89' lang='lat' dir='ltr'><strong>quid</strong></span> <span class='ocrx_word' id='word_1_234' title='bbox 1340 2919 1446 2970; x_wconf 86' lang='lat' dir='ltr'><strong>nisi</strong></span> <span class='ocrx_word' id='word_1_235' title='bbox 1470 2919 1589 2969; x_wconf 76' lang='lat' dir='ltr'><strong>fata</strong></span> <span class='ocrx_word' id='word_1_236' title='bbox 1609 2918 1787 2970; x_wconf 75' lang='lat' dir='ltr'><strong>uelis?</strong></span> 
     </span>
     <span class='ocr_line' id='line_1_35' title="bbox 624 2982 1913 3049; baseline -0.002 -13"><span class='ocrx_word' id='word_1_237' title='bbox 624 2985 884 3036; x_wconf 82' lang='lat' dir='ltr'><strong>maternis</strong></span> <span class='ocrx_word' id='word_1_238' title='bbox 908 2984 1101 3036; x_wconf 89' lang='lat' dir='ltr'><strong>laudor</strong></span> <span class='ocrx_word' id='word_1_239' title='bbox 1125 2984 1360 3035; x_wconf 81' lang='lat' dir='ltr'><strong>lacrimis</strong></span> <span class='ocrx_word' id='word_1_240' title='bbox 1385 2983 1640 3049; x_wconf 74' lang='lat' dir='ltr'><strong>urbisque</strong></span> <span class='ocrx_word' id='word_1_241' title='bbox 1663 2982 1913 3049; x_wconf 87' lang='lat' dir='ltr'><strong>querelis,</strong></span> 
     </span>
     <span class='ocr_line' id='line_1_36' title="bbox 688 3049 1803 3115; baseline -0.003 -14"><span class='ocrx_word' id='word_1_242' title='bbox 688 3049 914 3101; x_wconf 80' lang='lat' dir='ltr'><strong>defensa</strong></span> <span class='ocrx_word' id='word_1_243' title='bbox 935 3055 992 3101; x_wconf 90' lang='lat' dir='ltr'><strong>et</strong></span> <span class='ocrx_word' id='word_1_244' title='bbox 1013 3050 1221 3115; x_wconf 67' lang='lat' dir='ltr'><strong>gemitu</strong></span> <span class='ocrx_word' id='word_1_245' title='bbox 1247 3049 1497 3101; x_wconf 80' lang='lat' dir='ltr'><strong>Caesaris</strong></span> <span class='ocrx_word' id='word_1_246' title='bbox 1519 3064 1642 3099; x_wconf 86' lang='lat' dir='ltr'><strong>ossa</strong></span> <span class='ocrx_word' id='word_1_247' title='bbox 1665 3064 1803 3099; x_wconf 91' lang='lat' dir='ltr'><strong>mea.</strong></span> 
     </span>
     <span class='ocr_line' id='line_1_37' title="bbox 622 3114 1723 3181; baseline -0.002 -16"><span class='ocrx_word' id='word_1_248' title='bbox 622 3114 716 3166; x_wconf 90' lang='lat' dir='ltr'><strong>ille</strong></span> <span class='ocrx_word' id='word_1_249' title='bbox 738 3131 841 3165; x_wconf 87' lang='lat' dir='ltr'><strong>sua</strong></span> <span class='ocrx_word' id='word_1_250' title='bbox 861 3121 995 3166; x_wconf 86' lang='lat' dir='ltr'><strong>nata</strong></span> <span class='ocrx_word' id='word_1_251' title='bbox 1019 3114 1240 3181; x_wconf 85' lang='lat' dir='ltr'><strong>dignam</strong></span> <span class='ocrx_word' id='word_1_252' title='bbox 1266 3114 1468 3165; x_wconf 78' lang='lat' dir='ltr'><strong>uixisse</strong></span> <span class='ocrx_word' id='word_1_253' title='bbox 1492 3129 1723 3164; x_wconf 79' lang='lat' dir='ltr'><strong>sororem</strong></span> 
     </span>
     <span class='ocr_line' id='line_1_38' title="bbox 689 3176 2184 3245; baseline -0.001 -16"><span class='ocrx_word' id='word_1_254' title='bbox 689 3179 947 3245; x_wconf 82' lang='lat' dir='ltr'><strong>increpat,</strong></span> <span class='ocrx_word' id='word_1_255' title='bbox 974 3185 1031 3231; x_wconf 88' lang='lat' dir='ltr'><strong>et</strong></span> <span class='ocrx_word' id='word_1_256' title='bbox 1055 3179 1304 3230; x_wconf 75' lang='lat' dir='ltr'><strong>lacrimas</strong></span> <span class='ocrx_word' id='word_1_257' title='bbox 1328 3178 1568 3230; x_wconf 84' lang='lat' dir='ltr'><strong>uidimus</strong></span> <span class='ocrx_word' id='word_1_258' title='bbox 1592 3178 1668 3229; x_wconf 87' lang='lat' dir='ltr'><strong>ire</strong></span> <span class='ocrx_word' id='word_1_259' title='bbox 1690 3176 1805 3228; x_wconf 86' lang='lat' dir='ltr'><strong>deo.</strong></span> <span class='ocrx_word' id='word_1_260' title='bbox 2117 3179 2184 3227; x_wconf 91' lang='lat'><strong>60</strong></span> 
     </span>
     <span class='ocr_line' id='line_1_39' title="bbox 620 3243 1883 3311; baseline -0.003 -14"><span class='ocrx_word' id='word_1_261' title='bbox 620 3249 678 3297; x_wconf 87' lang='lat' dir='ltr'><strong>et</strong></span> <span class='ocrx_word' id='word_1_262' title='bbox 701 3250 885 3297; x_wconf 86' lang='lat' dir='ltr'><strong>tamen</strong></span> <span class='ocrx_word' id='word_1_263' title='bbox 908 3244 1114 3297; x_wconf 88' lang='lat' dir='ltr'><strong>emerui</strong></span> <span class='ocrx_word' id='word_1_264' title='bbox 1136 3260 1422 3311; x_wconf 76' lang='lat' dir='ltr'><strong>generosos</strong></span> <span class='ocrx_word' id='word_1_265' title='bbox 1446 3243 1616 3295; x_wconf 88' lang='lat' dir='ltr'><strong>uestis</strong></span> <span class='ocrx_word' id='word_1_266' title='bbox 1638 3243 1883 3304; x_wconf 77' lang='lat' dir='ltr'><strong>honores,</strong></span> 
     </span>
    </p>
   </div>
   <div class='ocr_carea' id='block_1_8' title="bbox 735 3412 897 3458">
    <p class='ocr_par' dir='ltr' id='par_1_13' title="bbox 735 3412 897 3458">
     <span class='ocr_line' id='line_1_40' title="bbox 735 3412 897 3458; baseline 0.006 -1"><span class='ocrx_word' id='word_1_267' title='bbox 735 3412 897 3458; x_wconf 73' lang='lat'>111⁸</span> 
     </span>
    </p>
   </div>
   <div class='ocr_carea' id='block_1_9' title="bbox 2358 650 3473 718">
    <p class='ocr_par' dir='ltr' id='par_1_14' title="bbox 2358 650 3473 718">
     <span class='ocr_line' id='line_1_41' title="bbox 2358 650 3473 718; baseline 0.002 -18"><span class='ocrx_word' id='word_1_268' title='bbox 2358 666 2457 701; x_wconf 88' lang='lat' dir='ltr'><strong>nec</strong></span> <span class='ocrx_word' id='word_1_269' title='bbox 2481 666 2603 701; x_wconf 88' lang='lat' dir='ltr'><strong>mea</strong></span> <span class='ocrx_word' id='word_1_270' title='bbox 2626 650 2694 701; x_wconf 89' lang='lat' dir='ltr'><strong>de</strong></span> <span class='ocrx_word' id='word_1_271' title='bbox 2716 650 2891 702; x_wconf 82' lang='lat' dir='ltr'><strong>sterili</strong></span> <span class='ocrx_word' id='word_1_272' title='bbox 2913 650 3065 703; x_wconf 81' lang='lat' dir='ltr'><strong>facta</strong></span> <span class='ocrx_word' id='word_1_273' title='bbox 3085 652 3278 718; x_wconf 88' lang='lat' dir='ltr'><strong>rapina</strong></span> <span class='ocrx_word' id='word_1_274' title='bbox 3299 652 3473 703; x_wconf 90' lang='lat' dir='ltr'><strong>domo.</strong></span> 
     </span>
    </p>
   </div>
   <div class='ocr_carea' id='block_1_10' title="bbox 2126 715 3846 783">
    <p class='ocr_par' dir='ltr' id='par_1_15' title="bbox 2126 715 3846 783">
     <span class='ocr_line' id='line_1_42' title="bbox 2126 715 3846 783; baseline 0.003 -18"><span class='ocrx_word' id='word_1_275' title='bbox 2126 731 2192 766; x_wconf 85' lang='lat'><strong>20</strong></span> <span class='ocrx_word' id='word_1_276' title='bbox 2290 720 2348 765; x_wconf 88' lang='lat' dir='ltr'><strong>et</strong></span> <span class='ocrx_word' id='word_1_277' title='bbox 2366 715 2502 765; x_wconf 90' lang='lat' dir='ltr'><strong>bene</strong></span> <span class='ocrx_word' id='word_1_278' title='bbox 2520 715 2716 766; x_wconf 85' lang='lat' dir='ltr'><strong>habet:</strong></span> <span class='ocrx_word' id='word_1_279' title='bbox 2743 731 3042 781; x_wconf 88' lang='lat' dir='ltr'><strong>numquam</strong></span> <span class='ocrx_word' id='word_1_280' title='bbox 3060 717 3222 767; x_wconf 86' lang='lat' dir='ltr'><strong>matri</strong></span> <span class='ocrx_word' id='word_1_281' title='bbox 3241 716 3494 783; x_wconf 86' lang='lat' dir='ltr'><strong>lugubria</strong></span> <span class='ocrx_word' id='word_1_282' title='bbox 3507 722 3757 783; x_wconf 86' lang='lat' dir='ltr'><strong>sumpta:</strong></span> <span class='ocrx_word' id='word_1_283' title='bbox 3784 731 3846 781; x_wconf 89' lang='lat'><strong>97</strong></span> 
     </span>
    </p>
   </div>
   <div class='ocr_carea' id='block_1_11' title="bbox 2289 779 3847 977">
    <p class='ocr_par' dir='ltr' id='par_1_16' title="bbox 2289 779 3847 977">
     <span class='ocr_line' id='line_1_43' title="bbox 2354 779 3847 845; baseline 0.002 -16"><span class='ocrx_word' id='word_1_284' title='bbox 2354 779 2511 830; x_wconf 89' lang='lat' dir='ltr'><strong>uenit</strong></span> <span class='ocrx_word' id='word_1_285' title='bbox 2533 780 2589 830; x_wconf 90' lang='lat' dir='ltr'><strong>in</strong></span> <span class='ocrx_word' id='word_1_286' title='bbox 2614 781 2875 845; x_wconf 88' lang='lat' dir='ltr'><strong>exequias</strong></span> <span class='ocrx_word' id='word_1_287' title='bbox 2897 786 3019 831; x_wconf 88' lang='lat' dir='ltr'><strong>tota</strong></span> <span class='ocrx_word' id='word_1_288' title='bbox 3040 789 3262 832; x_wconf 84' lang='lat' dir='ltr'><strong>caterua</strong></span> <span class='ocrx_word' id='word_1_289' title='bbox 3288 798 3449 834; x_wconf 75' lang='lat' dir='ltr'><strong>meae.</strong></span> <span class='ocrx_word' id='word_1_290' title='bbox 3782 785 3847 845; x_wconf 89' lang='lat'><strong>98</strong></span> 
     </span>
     <span class='ocr_line' id='line_1_44' title="bbox 2289 843 3846 912; baseline 0.002 -18"><span class='ocrx_word' id='word_1_291' title='bbox 2289 844 2530 895; x_wconf 87' lang='lat' dir='ltr'><strong>uidimus</strong></span> <span class='ocrx_word' id='word_1_292' title='bbox 2553 850 2611 895; x_wconf 89' lang='lat' dir='ltr'><strong>et</strong></span> <span class='ocrx_word' id='word_1_293' title='bbox 2632 843 2856 897; x_wconf 78' lang='lat' dir='ltr'><strong>fratrem</strong></span> <span class='ocrx_word' id='word_1_294' title='bbox 2879 844 3068 896; x_wconf 87' lang='lat' dir='ltr'><strong>sellam</strong></span> <span class='ocrx_word' id='word_1_295' title='bbox 3091 847 3396 912; x_wconf 77' lang='lat' dir='ltr'><strong>geminasse</strong></span> <span class='ocrx_word' id='word_1_296' title='bbox 3417 846 3660 897; x_wconf 89' lang='lat' dir='ltr'><strong>curulem</strong></span> <span class='ocrx_word' id='word_1_297' title='bbox 3684 866 3698 907; x_wconf 70' lang='grc' dir='ltr'>ς</span> <span class='ocrx_word' id='word_1_298' title='bbox 3782 851 3846 911; x_wconf 88' lang='grc'><strong>65</strong></span> 
     </span>
     <span class='ocr_line' id='line_1_45' title="bbox 2353 909 3847 977; baseline 0.002 -18"><span class='ocrx_word' id='word_1_299' title='bbox 2353 909 2573 960; x_wconf 87' lang='lat' dir='ltr'><strong>consule</strong></span> <span class='ocrx_word' id='word_1_300' title='bbox 2596 926 2706 975; x_wconf 90' lang='lat' dir='ltr'><strong>quo</strong></span> <span class='ocrx_word' id='word_1_301' title='bbox 2728 909 2870 961; x_wconf 82' lang='lat' dir='ltr'><strong>festo</strong></span> <span class='ocrx_word' id='word_1_302' title='bbox 2893 915 3133 976; x_wconf 90' lang='lat' dir='ltr'><strong>tempore</strong></span> <span class='ocrx_word' id='word_1_303' title='bbox 3155 918 3315 977; x_wconf 88' lang='lat' dir='ltr'><strong>rapta</strong></span> <span class='ocrx_word' id='word_1_304' title='bbox 3336 928 3496 962; x_wconf 86' lang='lat' dir='ltr'><strong>soror.</strong></span> <span class='ocrx_word' id='word_1_305' title='bbox 3609 952 3616 957; x_wconf 60' lang='lat'><em>-</em></span> <span class='ocrx_word' id='word_1_306' title='bbox 3782 915 3847 962; x_wconf 88' lang='lat'><strong>66</strong></span> 
     </span>
    </p>
   </div>
   <div class='ocr_carea' id='block_1_12' title="bbox 2288 974 3848 1171">
    <p class='ocr_par' dir='ltr' id='par_1_17' title="bbox 2288 974 3848 1171">
     <span class='ocr_line' id='line_1_46' title="bbox 2288 974 3845 1089; baseline 0.001 -64"><span class='ocrx_word' id='word_1_307' title='bbox 2288 990 2455 1089; x_wconf 51' lang='lat' dir='ltr'><strong>cabisa</strong></span> <span class='ocrx_word' id='word_1_308' title='bbox 2480 980 2729 1050; x_wconf 76' lang='lat' dir='ltr'><strong>perorata</strong></span> <span class='ocrx_word' id='word_1_309' title='bbox 2750 979 2848 1050; x_wconf 73' lang='lat' dir='ltr'><strong>est.</strong></span> <span class='ocrx_word' id='word_1_310' title='bbox 2923 974 3115 1027; x_wconf 83' lang='lat' dir='ltr'><strong>flentes</strong></span> <span class='ocrx_word' id='word_1_311' title='bbox 3138 992 3225 1027; x_wconf 90' lang='lat' dir='ltr'><strong>me</strong></span> <span class='ocrx_word' id='word_1_312' title='bbox 3247 977 3471 1052; x_wconf 77' lang='lat' dir='ltr'><strong>surgite,</strong></span> <span class='ocrx_word' id='word_1_313' title='bbox 3499 980 3685 1039; x_wconf 82' lang='lat' dir='ltr'><strong>testes,</strong></span> <span class='ocrx_word' id='word_1_314' title='bbox 3779 992 3845 1039; x_wconf 91' lang='lat'><strong>99</strong></span> 
     </span>
     <span class='ocr_line' id='line_1_47' title="bbox 2288 1041 3848 1171; baseline 0.003 -18"><span class='ocrx_word' id='word_1_315' title='bbox 2288 1041 3659 1171; x_wconf 50' lang='lat' dir='ltr'><strong>„unffiffissfflssffiffisssssffssffg‘ffl‘1¹:338</strong></span> <span class='ocrx_word' id='word_1_316' title='bbox 3755 1057 3848 1170; x_wconf 64' lang='grc' dir='ltr'><strong>’ἒξ</strong></span> 
     </span>
    </p>
   </div>
   <div class='ocr_carea' id='block_1_13' title="bbox 2287 1168 3847 1362">
    <p class='ocr_par' dir='ltr' id='par_1_18' title="bbox 2287 1168 3847 1362">
     <span class='ocr_line' id='line_1_48' title="bbox 2354 1168 3846 1235; baseline 0.003 -17"><span class='ocrx_word' id='word_1_317' title='bbox 2354 1168 2508 1231; x_wconf 87' lang='lat' dir='ltr'><strong>(haec</strong></span> <span class='ocrx_word' id='word_1_318' title='bbox 2531 1184 2662 1219; x_wconf 85' lang='lat' dir='ltr'><strong>cura</strong></span> <span class='ocrx_word' id='word_1_319' title='bbox 2684 1175 2741 1220; x_wconf 89' lang='lat' dir='ltr'><strong>et</strong></span> <span class='ocrx_word' id='word_1_320' title='bbox 2763 1169 2929 1220; x_wconf 89' lang='lat' dir='ltr'><strong>cineri</strong></span> <span class='ocrx_word' id='word_1_321' title='bbox 2953 1170 3124 1235; x_wconf 83' lang='lat' dir='ltr'><strong>spirat</strong></span> <span class='ocrx_word' id='word_1_322' title='bbox 3146 1170 3334 1221; x_wconf 75' lang='lat' dir='ltr'><strong>inusta</strong></span> <span class='ocrx_word' id='word_1_323' title='bbox 3359 1174 3496 1231; x_wconf 87' lang='lat' dir='ltr'><strong>meo)</strong></span> <span class='ocrx_word' id='word_1_324' title='bbox 3783 1185 3846 1234; x_wconf 88' lang='lat'><strong>74</strong></span> 
     </span>
     <span class='ocr_line' id='line_1_49' title="bbox 2287 1233 3845 1301; baseline 0 -16"><span class='ocrx_word' id='word_1_325' title='bbox 2287 1238 2359 1292; x_wconf 86' lang='lat' dir='ltr'><strong>te,</strong></span> <span class='ocrx_word' id='word_1_326' title='bbox 2383 1234 2460 1284; x_wconf 92' lang='lat' dir='ltr'><strong>Le</strong></span> <span class='ocrx_word' id='word_1_327' title='bbox 2498 1233 2604 1294; x_wconf 90' lang='lat' dir='ltr'><strong>ide,</strong></span> <span class='ocrx_word' id='word_1_328' title='bbox 2626 1238 2682 1284; x_wconf 89' lang='lat' dir='ltr'><strong>et</strong></span> <span class='ocrx_word' id='word_1_329' title='bbox 2701 1240 2773 1294; x_wconf 85' lang='lat' dir='ltr'><strong>te,</strong></span> <span class='ocrx_word' id='word_1_330' title='bbox 2794 1233 2982 1294; x_wconf 88' lang='lat' dir='ltr'><strong>Paule,</strong></span> <span class='ocrx_word' id='word_1_331' title='bbox 3001 1251 3181 1286; x_wconf 90' lang='lat' dir='ltr'><strong>meum</strong></span> <span class='ocrx_word' id='word_1_332' title='bbox 3197 1241 3320 1301; x_wconf 88' lang='lat' dir='ltr'><strong>post</strong></span> <span class='ocrx_word' id='word_1_333' title='bbox 3337 1235 3453 1286; x_wconf 85' lang='lat' dir='ltr'><strong>fata</strong></span> <span class='ocrx_word' id='word_1_334' title='bbox 3472 1236 3750 1296; x_wconf 89' lang='lat' dir='ltr'><strong>leuamen;</strong></span> <span class='ocrx_word' id='word_1_335' title='bbox 3782 1238 3845 1300; x_wconf 88' lang='lat'><strong>63</strong></span> 
     </span>
     <span class='ocr_line' id='line_1_50' title="bbox 2351 1298 3847 1362; baseline 0.003 -15"><span class='ocrx_word' id='word_1_336' title='bbox 2351 1314 2452 1348; x_wconf 89' lang='lat' dir='ltr'><strong>con</strong></span> <span class='ocrx_word' id='word_1_337' title='bbox 2492 1298 2573 1348; x_wconf 84' lang='lat' dir='ltr'><strong>ita</strong></span> <span class='ocrx_word' id='word_1_338' title='bbox 2596 1303 2727 1349; x_wconf 88' lang='lat' dir='ltr'><strong>sunt</strong></span> <span class='ocrx_word' id='word_1_339' title='bbox 2751 1304 2932 1350; x_wconf 87' lang='lat' dir='ltr'><strong>uestro</strong></span> <span class='ocrx_word' id='word_1_340' title='bbox 2956 1299 3166 1350; x_wconf 89' lang='lat' dir='ltr'><strong>lumina</strong></span> <span class='ocrx_word' id='word_1_341' title='bbox 3189 1305 3376 1351; x_wconf 83' lang='lat' dir='ltr'><strong>nostra</strong></span> <span class='ocrx_word' id='word_1_342' title='bbox 3398 1301 3536 1351; x_wconf 88' lang='lat' dir='ltr'><strong>sinu.</strong></span> <span class='ocrx_word' id='word_1_343' title='bbox 3779 1304 3847 1362; x_wconf 87' lang='lat'><strong>64</strong></span> 
     </span>
    </p>
   </div>
   <div class='ocr_carea' id='block_1_14' title="bbox 2284 1362 3847 2725">
    <p class='ocr_par' dir='ltr' id='par_1_19' title="bbox 2287 1362 3843 1481">
     <span class='ocr_line' id='line_1_51' title="bbox 2287 1362 3843 1432; baseline 0.001 -19"><span class='ocrx_word' id='word_1_344' title='bbox 2287 1362 2512 1427; x_wconf 82' lang='lat' dir='ltr'><strong>fungere</strong></span> <span class='ocrx_word' id='word_1_345' title='bbox 2536 1363 2795 1415; x_wconf 77' lang='lat' dir='ltr'><strong>maternis</strong></span> <span class='ocrx_word' id='word_1_346' title='bbox 2820 1363 3050 1422; x_wconf 86' lang='lat' dir='ltr'><strong>uicibus,</strong></span> <span class='ocrx_word' id='word_1_347' title='bbox 3077 1370 3234 1430; x_wconf 88' lang='lat' dir='ltr'><strong>pater</strong></span> <span class='ocrx_word' id='word_1_348' title='bbox 3255 1386 3267 1415; x_wconf 75' lang='grc' dir='ltr'><strong><em>ε</em></strong></span> <span class='ocrx_word' id='word_1_349' title='bbox 3304 1364 3402 1415; x_wconf 90' lang='lat' dir='ltr'><strong>illa</strong></span> <span class='ocrx_word' id='word_1_350' title='bbox 3425 1382 3668 1417; x_wconf 89' lang='lat' dir='ltr'><strong>meorum</strong></span> <span class='ocrx_word' id='word_1_351' title='bbox 3783 1378 3843 1432; x_wconf 88' lang='grc'><strong>75</strong></span> 
     </span>
     <span class='ocr_line' id='line_1_52' title="bbox 2352 1428 3382 1481; baseline 0.002 -4"><span class='ocrx_word' id='word_1_352' title='bbox 2352 1428 2528 1478; x_wconf 90' lang='lat' dir='ltr'><strong>omnis</strong></span> <span class='ocrx_word' id='word_1_353' title='bbox 2551 1428 2656 1479; x_wconf 89' lang='lat' dir='ltr'><strong>erit</strong></span> <span class='ocrx_word' id='word_1_354' title='bbox 2678 1428 2816 1479; x_wconf 87' lang='lat' dir='ltr'><strong>collo</strong></span> <span class='ocrx_word' id='word_1_355' title='bbox 2839 1429 3000 1479; x_wconf 86' lang='lat' dir='ltr'><strong>turba</strong></span> <span class='ocrx_word' id='word_1_356' title='bbox 3025 1429 3248 1480; x_wconf 77' lang='lat' dir='ltr'><strong>ferenda</strong></span> <span class='ocrx_word' id='word_1_357' title='bbox 3269 1436 3382 1481; x_wconf 86' lang='lat' dir='ltr'><strong>tuo.</strong></span> 
     </span>
    </p>

    <p class='ocr_par' dir='ltr' id='par_1_20' title="bbox 2286 1492 3702 1624">
     <span class='ocr_line' id='line_1_53' title="bbox 2286 1492 3702 1556; baseline 0.002 -13"><span class='ocrx_word' id='word_1_358' title='bbox 2286 1492 2474 1543; x_wconf 86' lang='lat' dir='ltr'><strong>oscula</strong></span> <span class='ocrx_word' id='word_1_359' title='bbox 2495 1509 2617 1543; x_wconf 89' lang='lat' dir='ltr'><strong>cum</strong></span> <span class='ocrx_word' id='word_1_360' title='bbox 2642 1492 2854 1544; x_wconf 82' lang='lat' dir='ltr'><strong>dederis</strong></span> <span class='ocrx_word' id='word_1_361' title='bbox 2877 1498 2979 1545; x_wconf 87' lang='lat' dir='ltr'><strong>tua</strong></span> <span class='ocrx_word' id='word_1_362' title='bbox 3000 1494 3274 1556; x_wconf 75' lang='lat' dir='ltr'><strong>flentibuS,</strong></span> <span class='ocrx_word' id='word_1_363' title='bbox 3301 1494 3453 1546; x_wconf 87' lang='lat' dir='ltr'><strong>adice</strong></span> <span class='ocrx_word' id='word_1_364' title='bbox 3477 1494 3669 1546; x_wconf 75' lang='lat' dir='ltr'><strong>matris</strong></span> <span class='ocrx_word' id='word_1_365' title='bbox 3691 1515 3702 1546; x_wconf 72' lang='grc' dir='ltr'><strong>ε</strong></span> 
     </span>
     <span class='ocr_line' id='line_1_54' title="bbox 2352 1557 3555 1624; baseline 0.002 -17"><span class='ocrx_word' id='word_1_366' title='bbox 2352 1563 2473 1608; x_wconf 83' lang='lat' dir='ltr'><strong>tota</strong></span> <span class='ocrx_word' id='word_1_367' title='bbox 2497 1557 2690 1608; x_wconf 86' lang='lat' dir='ltr'><strong>domus</strong></span> <span class='ocrx_word' id='word_1_368' title='bbox 2713 1558 2890 1624; x_wconf 88' lang='lat' dir='ltr'><strong>coepit</strong></span> <span class='ocrx_word' id='word_1_369' title='bbox 2914 1575 3057 1609; x_wconf 88' lang='lat' dir='ltr'><strong>nunc</strong></span> <span class='ocrx_word' id='word_1_370' title='bbox 3081 1575 3217 1609; x_wconf 85' lang='lat' dir='ltr'><strong>onus</strong></span> <span class='ocrx_word' id='word_1_371' title='bbox 3241 1576 3357 1610; x_wconf 86' lang='lat' dir='ltr'><strong>esse</strong></span> <span class='ocrx_word' id='word_1_372' title='bbox 3381 1565 3555 1611; x_wconf 88' lang='lat' dir='ltr'><strong>tuum.</strong></span> 
     </span>
    </p>

    <p class='ocr_par' dir='ltr' id='par_1_21' title="bbox 2286 1622 3846 1754">
     <span class='ocr_line' id='line_1_55' title="bbox 2286 1622 3562 1688; baseline 0.002 -16"><span class='ocrx_word' id='word_1_373' title='bbox 2286 1629 2343 1673; x_wconf 84' lang='lat' dir='ltr'><strong>et</strong></span> <span class='ocrx_word' id='word_1_374' title='bbox 2365 1622 2547 1688; x_wconf 86' lang='lat' dir='ltr'><strong>siquid</strong></span> <span class='ocrx_word' id='word_1_375' title='bbox 2571 1622 2843 1674; x_wconf 88' lang='lat' dir='ltr'><strong>doliturus</strong></span> <span class='ocrx_word' id='word_1_376' title='bbox 2867 1624 2990 1684; x_wconf 89' lang='lat' dir='ltr'><strong>eris,</strong></span> <span class='ocrx_word' id='word_1_377' title='bbox 3018 1623 3136 1675; x_wconf 90' lang='lat' dir='ltr'><strong>sine</strong></span> <span class='ocrx_word' id='word_1_378' title='bbox 3161 1624 3394 1675; x_wconf 72' lang='lat' dir='ltr'><strong>testibus</strong></span> <span class='ocrx_word' id='word_1_379' title='bbox 3417 1624 3527 1675; x_wconf 88' lang='lat' dir='ltr'><strong>illis</strong></span> <span class='ocrx_word' id='word_1_380' title='bbox 3548 1644 3562 1683; x_wconf 75' lang='lat'>3</span> 
     </span>
     <span class='ocr_line' id='line_1_56' title="bbox 2350 1687 3846 1754; baseline 0.002 -17"><span class='ocrx_word' id='word_1_381' title='bbox 2350 1703 2474 1737; x_wconf 88' lang='lat' dir='ltr'><strong>cum</strong></span> <span class='ocrx_word' id='word_1_382' title='bbox 2499 1687 2740 1747; x_wconf 87' lang='lat' dir='ltr'><strong>uenient,</strong></span> <span class='ocrx_word' id='word_1_383' title='bbox 2768 1688 2922 1739; x_wconf 90' lang='lat' dir='ltr'><strong>siccis</strong></span> <span class='ocrx_word' id='word_1_384' title='bbox 2944 1688 3129 1739; x_wconf 88' lang='lat' dir='ltr'><strong>oscula</strong></span> <span class='ocrx_word' id='word_1_385' title='bbox 3151 1687 3226 1739; x_wconf 79' lang='lat' dir='ltr'><strong>fal</strong></span> <span class='ocrx_word' id='word_1_386' title='bbox 3236 1689 3282 1739; x_wconf 91' lang='lat' dir='ltr'><strong>le</strong></span> <span class='ocrx_word' id='word_1_387' title='bbox 3304 1688 3472 1754; x_wconf 84' lang='lat' dir='ltr'><strong>genis.</strong></span> <span class='ocrx_word' id='word_1_388' title='bbox 3778 1690 3846 1740; x_wconf 88' lang='lat'><strong>80</strong></span> 
     </span>
    </p>

    <p class='ocr_par' dir='ltr' id='par_1_22' title="bbox 2286 1751 3704 1884">
     <span class='ocr_line' id='line_1_57' title="bbox 2286 1751 3704 1819; baseline 0 -17"><span class='ocrx_word' id='word_1_389' title='bbox 2286 1757 2373 1804; x_wconf 88' lang='lat' dir='ltr'><strong>sat</strong></span> <span class='ocrx_word' id='word_1_390' title='bbox 2397 1751 2499 1802; x_wconf 85' lang='lat' dir='ltr'><strong>tibi</strong></span> <span class='ocrx_word' id='word_1_391' title='bbox 2523 1752 2636 1803; x_wconf 78' lang='lat' dir='ltr'><strong>sint</strong></span> <span class='ocrx_word' id='word_1_392' title='bbox 2662 1758 2863 1813; x_wconf 86' lang='lat' dir='ltr'><strong>noctes,</strong></span> <span class='ocrx_word' id='word_1_393' title='bbox 2890 1769 3027 1818; x_wconf 87' lang='lat' dir='ltr'><strong>quas</strong></span> <span class='ocrx_word' id='word_1_394' title='bbox 3049 1753 3117 1804; x_wconf 90' lang='lat' dir='ltr'><strong>de</strong></span> <span class='ocrx_word' id='word_1_395' title='bbox 3142 1769 3243 1813; x_wconf 86' lang='lat' dir='ltr'><strong>me,</strong></span> <span class='ocrx_word' id='word_1_396' title='bbox 3273 1753 3460 1815; x_wconf 85' lang='lat' dir='ltr'><strong>Paule,</strong></span> <span class='ocrx_word' id='word_1_397' title='bbox 3489 1753 3704 1819; x_wconf 76' lang='lat' dir='ltr'><strong>fatiges,</strong></span> 
     </span>
     <span class='ocr_line' id='line_1_58' title="bbox 2350 1816 3612 1884; baseline 0.002 -18"><span class='ocrx_word' id='word_1_398' title='bbox 2350 1816 2668 1882; x_wconf 82' lang='lat' dir='ltr'><strong>somniaque</strong></span> <span class='ocrx_word' id='word_1_399' title='bbox 2692 1817 2747 1868; x_wconf 92' lang='lat' dir='ltr'><strong>in</strong></span> <span class='ocrx_word' id='word_1_400' title='bbox 2772 1817 2965 1868; x_wconf 85' lang='lat' dir='ltr'><strong>faciem</strong></span> <span class='ocrx_word' id='word_1_401' title='bbox 2989 1818 3198 1869; x_wconf 87' lang='lat' dir='ltr'><strong>credita</strong></span> <span class='ocrx_word' id='word_1_402' title='bbox 3219 1834 3379 1884; x_wconf 82' lang='lat' dir='ltr'><strong>saepe</strong></span> <span class='ocrx_word' id='word_1_403' title='bbox 3404 1835 3580 1869; x_wconf 88' lang='lat' dir='ltr'><strong>meam</strong></span> <span class='ocrx_word' id='word_1_404' title='bbox 3601 1840 3612 1870; x_wconf 89' lang='lat'>:</span> 
     </span>
    </p>

    <p class='ocr_par' dir='ltr' id='par_1_23' title="bbox 2285 1881 3695 2012">
     <span class='ocr_line' id='line_1_59' title="bbox 2285 1881 3695 1950; baseline 0.001 -18"><span class='ocrx_word' id='word_1_405' title='bbox 2285 1887 2454 1947; x_wconf 86' lang='lat' dir='ltr'><strong>atque</strong></span> <span class='ocrx_word' id='word_1_406' title='bbox 2478 1881 2572 1932; x_wconf 81' lang='lat' dir='ltr'><strong>ubi</strong></span> <span class='ocrx_word' id='word_1_407' title='bbox 2595 1887 2802 1933; x_wconf 84' lang='lat' dir='ltr'><strong>secreto</strong></span> <span class='ocrx_word' id='word_1_408' title='bbox 2825 1888 3012 1933; x_wconf 82' lang='lat' dir='ltr'><strong>nostra</strong></span> <span class='ocrx_word' id='word_1_409' title='bbox 3033 1882 3104 1934; x_wconf 90' lang='lat' dir='ltr'><strong>ad</strong></span> <span class='ocrx_word' id='word_1_410' title='bbox 3127 1883 3421 1934; x_wconf 85' lang='lat' dir='ltr'><strong>simulacra</strong></span> <span class='ocrx_word' id='word_1_411' title='bbox 3444 1883 3695 1950; x_wconf 86' lang='lat' dir='ltr'><strong>loqueris,</strong></span> 
     </span>
     <span class='ocr_line' id='line_1_60' title="bbox 2350 1947 3375 2012; baseline 0.003 -16"><span class='ocrx_word' id='word_1_412' title='bbox 2350 1952 2415 1997; x_wconf 88' lang='lat' dir='ltr'><strong>ut</strong></span> <span class='ocrx_word' id='word_1_413' title='bbox 2440 1963 2789 2011; x_wconf 87' lang='lat' dir='ltr'><strong>responsurae</strong></span> <span class='ocrx_word' id='word_1_414' title='bbox 2811 1947 3030 2012; x_wconf 85' lang='lat' dir='ltr'><strong>singula</strong></span> <span class='ocrx_word' id='word_1_415' title='bbox 3053 1948 3221 1999; x_wconf 87' lang='lat' dir='ltr'><strong>uerba</strong></span> <span class='ocrx_word' id='word_1_416' title='bbox 3243 1948 3375 2000; x_wconf 87' lang='lat' dir='ltr'><strong>iace.</strong></span> 
     </span>
    </p>

    <p class='ocr_par' dir='ltr' id='par_1_24' title="bbox 2284 2011 3838 2138">
     <span class='ocr_line' id='line_1_61' title="bbox 2284 2011 3838 2078; baseline 0.003 -17"><span class='ocrx_word' id='word_1_417' title='bbox 2284 2028 2378 2062; x_wconf 85' lang='lat' dir='ltr'><strong>seu</strong></span> <span class='ocrx_word' id='word_1_418' title='bbox 2405 2017 2589 2061; x_wconf 86' lang='lat' dir='ltr'><strong>tamen</strong></span> <span class='ocrx_word' id='word_1_419' title='bbox 2613 2011 2902 2062; x_wconf 88' lang='lat' dir='ltr'><strong>aduersum</strong></span> <span class='ocrx_word' id='word_1_420' title='bbox 2931 2012 3159 2063; x_wconf 84' lang='lat' dir='ltr'><strong>mutarit</strong></span> <span class='ocrx_word' id='word_1_421' title='bbox 3182 2013 3350 2064; x_wconf 87' lang='lat' dir='ltr'><strong>ianua</strong></span> <span class='ocrx_word' id='word_1_422' title='bbox 3371 2012 3591 2074; x_wconf 89' lang='lat' dir='ltr'><strong>lectum,</strong></span> <span class='ocrx_word' id='word_1_423' title='bbox 3775 2016 3838 2078; x_wconf 93' lang='grc'><strong>85</strong></span> 
     </span>
     <span class='ocr_line' id='line_1_62' title="bbox 2349 2076 3438 2138; baseline 0.002 -12"><span class='ocrx_word' id='word_1_424' title='bbox 2349 2076 2552 2127; x_wconf 81' lang='lat' dir='ltr'><strong>sederit</strong></span> <span class='ocrx_word' id='word_1_425' title='bbox 2575 2081 2630 2127; x_wconf 87' lang='lat' dir='ltr'><strong>et</strong></span> <span class='ocrx_word' id='word_1_426' title='bbox 2655 2083 2840 2127; x_wconf 85' lang='lat' dir='ltr'><strong>nostro</strong></span> <span class='ocrx_word' id='word_1_427' title='bbox 2863 2085 3029 2129; x_wconf 89' lang='lat' dir='ltr'><strong>cauta</strong></span> <span class='ocrx_word' id='word_1_428' title='bbox 3050 2093 3283 2128; x_wconf 88' lang='lat' dir='ltr'><strong>nouerca</strong></span> <span class='ocrx_word' id='word_1_429' title='bbox 3304 2082 3438 2138; x_wconf 83' lang='lat' dir='ltr'><strong>toro,</strong></span> 
     </span>
    </p>

    <p class='ocr_par' dir='ltr' id='par_1_25' title="bbox 2284 2141 3645 2272">
     <span class='ocr_line' id='line_1_63' title="bbox 2284 2141 3645 2217; baseline 0.002 -26"><span class='ocrx_word' id='word_1_430' title='bbox 2284 2141 2614 2206; x_wconf 83' lang='lat' dir='ltr'><strong>coniugium,</strong></span> <span class='ocrx_word' id='word_1_431' title='bbox 2642 2141 2810 2217; x_wconf 84' lang='lat' dir='ltr'><strong>pueri,</strong></span> <span class='ocrx_word' id='word_1_432' title='bbox 2839 2141 3061 2193; x_wconf 86' lang='lat' dir='ltr'><strong>laudate</strong></span> <span class='ocrx_word' id='word_1_433' title='bbox 3085 2147 3141 2193; x_wconf 83' lang='lat' dir='ltr'><strong>et</strong></span> <span class='ocrx_word' id='word_1_434' title='bbox 3166 2142 3301 2193; x_wconf 77' lang='lat' dir='ltr'><strong>ferte</strong></span> <span class='ocrx_word' id='word_1_435' title='bbox 3325 2148 3610 2208; x_wconf 87' lang='lat' dir='ltr'><strong>paternum</strong></span> <span class='ocrx_word' id='word_1_436' title='bbox 3633 2164 3645 2194; x_wconf 73' lang='grc' dir='ltr'><strong><em>ε</em></strong></span> 
     </span>
     <span class='ocr_line' id='line_1_64' title="bbox 2349 2204 3520 2272; baseline 0.003 -17"><span class='ocrx_word' id='word_1_437' title='bbox 2349 2213 2512 2272; x_wconf 84' lang='lat' dir='ltr'><strong>capta</strong></span> <span class='ocrx_word' id='word_1_438' title='bbox 2533 2204 2689 2257; x_wconf 80' lang='lat' dir='ltr'><strong>dabit</strong></span> <span class='ocrx_word' id='word_1_439' title='bbox 2713 2206 2907 2257; x_wconf 86' lang='lat' dir='ltr'><strong>uestris</strong></span> <span class='ocrx_word' id='word_1_440' title='bbox 2933 2207 3170 2258; x_wconf 88' lang='lat' dir='ltr'><strong>moribus</strong></span> <span class='ocrx_word' id='word_1_441' title='bbox 3193 2207 3291 2259; x_wconf 84' lang='lat' dir='ltr'><strong>illa</strong></span> <span class='ocrx_word' id='word_1_442' title='bbox 3315 2223 3520 2258; x_wconf 88' lang='lat' dir='ltr'><strong>manus.</strong></span> 
     </span>
    </p>

    <p class='ocr_par' dir='ltr' id='par_1_26' title="bbox 2286 2271 3847 2402">
     <span class='ocr_line' id='line_1_65' title="bbox 2286 2271 3547 2338; baseline 0.002 -18"><span class='ocrx_word' id='word_1_443' title='bbox 2286 2286 2382 2321; x_wconf 92' lang='lat' dir='ltr'><strong>nec</strong></span> <span class='ocrx_word' id='word_1_444' title='bbox 2406 2275 2635 2321; x_wconf 85' lang='lat' dir='ltr'><strong>matrem</strong></span> <span class='ocrx_word' id='word_1_445' title='bbox 2661 2271 2884 2322; x_wconf 87' lang='lat' dir='ltr'><strong>laudate</strong></span> <span class='ocrx_word' id='word_1_446' title='bbox 2909 2271 3070 2322; x_wconf 84' lang='lat' dir='ltr'><strong>nimis</strong></span> <span class='ocrx_word' id='word_1_447' title='bbox 3093 2292 3105 2323; x_wconf 70' lang='grc' dir='ltr'>ε</span> <span class='ocrx_word' id='word_1_448' title='bbox 3141 2272 3360 2323; x_wconf 85' lang='lat' dir='ltr'><strong>conlata</strong></span> <span class='ocrx_word' id='word_1_449' title='bbox 3383 2272 3547 2338; x_wconf 85' lang='lat' dir='ltr'><strong>priori</strong></span> 
     </span>
     <span class='ocr_line' id='line_1_66' title="bbox 2350 2334 3847 2402; baseline 0.002 -17"><span class='ocrx_word' id='word_1_450' title='bbox 2350 2340 2534 2386; x_wconf 84' lang='lat' dir='ltr'><strong>uertet</strong></span> <span class='ocrx_word' id='word_1_451' title='bbox 2555 2334 2611 2386; x_wconf 89' lang='lat' dir='ltr'><strong>in</strong></span> <span class='ocrx_word' id='word_1_452' title='bbox 2636 2335 2870 2387; x_wconf 85' lang='lat' dir='ltr'><strong>offensas</strong></span> <span class='ocrx_word' id='word_1_453' title='bbox 2893 2336 3064 2388; x_wconf 90' lang='lat' dir='ltr'><strong>libera</strong></span> <span class='ocrx_word' id='word_1_454' title='bbox 3088 2337 3254 2388; x_wconf 87' lang='lat' dir='ltr'><strong>uerba</strong></span> <span class='ocrx_word' id='word_1_455' title='bbox 3276 2353 3418 2388; x_wconf 82' lang='lat' dir='ltr'><strong>suas.</strong></span> <span class='ocrx_word' id='word_1_456' title='bbox 3780 2353 3847 2402; x_wconf 91' lang='lat'><strong>90</strong></span> 
     </span>
    </p>

    <p class='ocr_par' dir='ltr' id='par_1_27' title="bbox 2284 2400 3687 2527">
     <span class='ocr_line' id='line_1_67' title="bbox 2284 2400 3687 2454; baseline 0.002 -4"><span class='ocrx_word' id='word_1_457' title='bbox 2284 2416 2380 2450; x_wconf 86' lang='lat' dir='ltr'><strong>seu</strong></span> <span class='ocrx_word' id='word_1_458' title='bbox 2406 2416 2610 2450; x_wconf 86' lang='lat' dir='ltr'><strong>memor</strong></span> <span class='ocrx_word' id='word_1_459' title='bbox 2633 2400 2726 2451; x_wconf 90' lang='lat' dir='ltr'><strong>ille</strong></span> <span class='ocrx_word' id='word_1_460' title='bbox 2749 2417 2872 2451; x_wconf 87' lang='lat' dir='ltr'><strong>mea</strong></span> <span class='ocrx_word' id='word_1_461' title='bbox 2895 2406 3184 2453; x_wconf 87' lang='lat' dir='ltr'><strong>contentus</strong></span> <span class='ocrx_word' id='word_1_462' title='bbox 3207 2401 3470 2453; x_wconf 86' lang='lat' dir='ltr'><strong>manserit</strong></span> <span class='ocrx_word' id='word_1_463' title='bbox 3493 2402 3687 2454; x_wconf 89' lang='lat' dir='ltr'><strong>umbra</strong></span> 
     </span>
     <span class='ocr_line' id='line_1_68' title="bbox 2351 2465 3375 2527; baseline 0.001 -12"><span class='ocrx_word' id='word_1_464' title='bbox 2351 2471 2406 2515; x_wconf 87' lang='lat' dir='ltr'><strong>et</strong></span> <span class='ocrx_word' id='word_1_465' title='bbox 2429 2466 2574 2516; x_wconf 86' lang='lat' dir='ltr'><strong>tanti</strong></span> <span class='ocrx_word' id='word_1_466' title='bbox 2597 2465 2801 2517; x_wconf 87' lang='lat' dir='ltr'><strong>cineres</strong></span> <span class='ocrx_word' id='word_1_467' title='bbox 2826 2466 3047 2517; x_wconf 86' lang='lat' dir='ltr'><strong>duxerit</strong></span> <span class='ocrx_word' id='word_1_468' title='bbox 3071 2483 3187 2518; x_wconf 90' lang='lat' dir='ltr'><strong>esse</strong></span> <span class='ocrx_word' id='word_1_469' title='bbox 3211 2483 3375 2527; x_wconf 86' lang='lat' dir='ltr'><strong>meos,</strong></span> 
     </span>
    </p>

    <p class='ocr_par' dir='ltr' id='par_1_28' title="bbox 2285 2529 3603 2648">
     <span class='ocr_line' id='line_1_69' title="bbox 2285 2529 3603 2594; baseline 0.003 -15"><span class='ocrx_word' id='word_1_470' title='bbox 2285 2529 2478 2581; x_wconf 83' lang='lat' dir='ltr'><strong>discite</strong></span> <span class='ocrx_word' id='word_1_471' title='bbox 2502 2537 2791 2581; x_wconf 86' lang='lat' dir='ltr'><strong>uenturam</strong></span> <span class='ocrx_word' id='word_1_472' title='bbox 2815 2530 2925 2581; x_wconf 87' lang='lat' dir='ltr'><strong>iam</strong></span> <span class='ocrx_word' id='word_1_473' title='bbox 2949 2547 3095 2582; x_wconf 89' lang='lat' dir='ltr'><strong>nunc</strong></span> <span class='ocrx_word' id='word_1_474' title='bbox 3119 2531 3287 2583; x_wconf 90' lang='lat' dir='ltr'><strong>lenire</strong></span> <span class='ocrx_word' id='word_1_475' title='bbox 3309 2537 3603 2594; x_wconf 82' lang='lat' dir='ltr'><strong>senectam,</strong></span> 
     </span>
     <span class='ocr_line' id='line_1_70' title="bbox 2351 2594 3418 2648; baseline 0.002 -3"><span class='ocrx_word' id='word_1_476' title='bbox 2351 2594 2573 2645; x_wconf 89' lang='lat' dir='ltr'><strong>caelibis</strong></span> <span class='ocrx_word' id='word_1_477' title='bbox 2597 2595 2665 2645; x_wconf 74' lang='lat' dir='ltr'><strong>ad</strong></span> <span class='ocrx_word' id='word_1_478' title='bbox 2690 2612 2846 2646; x_wconf 87' lang='lat' dir='ltr'><strong>curas</strong></span> <span class='ocrx_word' id='word_1_479' title='bbox 2870 2612 2968 2647; x_wconf 87' lang='lat' dir='ltr'><strong>nec</strong></span> <span class='ocrx_word' id='word_1_480' title='bbox 2992 2602 3151 2648; x_wconf 88' lang='lat' dir='ltr'><strong>uacet</strong></span> <span class='ocrx_word' id='word_1_481' title='bbox 3173 2596 3289 2647; x_wconf 89' lang='lat' dir='ltr'><strong>ulla</strong></span> <span class='ocrx_word' id='word_1_482' title='bbox 3312 2596 3418 2647; x_wconf 87' lang='lat' dir='ltr'><strong>uia.</strong></span> 
     </span>
    </p>

    <p class='ocr_par' dir='ltr' id='par_1_29' title="bbox 2285 2658 3840 2725">
     <span class='ocr_line' id='line_1_71' title="bbox 2285 2658 3840 2725; baseline 0.003 -16"><span class='ocrx_word' id='word_1_483' title='bbox 2285 2659 2427 2725; x_wconf 86' lang='lat' dir='ltr'><strong>quod</strong></span> <span class='ocrx_word' id='word_1_484' title='bbox 2455 2659 2589 2709; x_wconf 89' lang='lat' dir='ltr'><strong>mihi</strong></span> <span class='ocrx_word' id='word_1_485' title='bbox 2613 2658 2920 2711; x_wconf 87' lang='lat' dir='ltr'><strong>detractum</strong></span> <span class='ocrx_word' id='word_1_486' title='bbox 2945 2666 3045 2721; x_wconf 84' lang='lat' dir='ltr'><strong>est,</strong></span> <span class='ocrx_word' id='word_1_487' title='bbox 3070 2667 3281 2711; x_wconf 86' lang='lat' dir='ltr'><strong>uestros</strong></span> <span class='ocrx_word' id='word_1_488' title='bbox 3304 2660 3526 2712; x_wconf 82' lang='lat' dir='ltr'><strong>accedat</strong></span> <span class='ocrx_word' id='word_1_489' title='bbox 3549 2661 3618 2712; x_wconf 89' lang='lat' dir='ltr'><strong>ad</strong></span> <span class='ocrx_word' id='word_1_490' title='bbox 3641 2678 3840 2713; x_wconf 84' lang='lat' dir='ltr'><strong>annos:</strong></span> 
     </span>
    </p>
   </div>
   <div class='ocr_carea' id='block_1_15' title="bbox 2231 2724 3844 3115">
    <p class='ocr_par' dir='ltr' id='par_1_30' title="bbox 2352 2724 3842 2790">
     <span class='ocr_line' id='line_1_72' title="bbox 2352 2724 3842 2790; baseline 0.002 -17"><span class='ocrx_word' id='word_1_491' title='bbox 2352 2724 2498 2790; x_wconf 86' lang='lat' dir='ltr'><strong>prole</strong></span> <span class='ocrx_word' id='word_1_492' title='bbox 2521 2740 2644 2774; x_wconf 88' lang='lat' dir='ltr'><strong>mea</strong></span> <span class='ocrx_word' id='word_1_493' title='bbox 2669 2725 2902 2775; x_wconf 88' lang='lat' dir='ltr'><strong>Paulum</strong></span> <span class='ocrx_word' id='word_1_494' title='bbox 2927 2726 3004 2776; x_wconf 87' lang='lat' dir='ltr'><strong>sic</strong></span> <span class='ocrx_word' id='word_1_495' title='bbox 3029 2726 3185 2777; x_wconf 87' lang='lat' dir='ltr'><strong>iuuet</strong></span> <span class='ocrx_word' id='word_1_496' title='bbox 3206 2742 3323 2777; x_wconf 84' lang='lat' dir='ltr'><strong>esse</strong></span> <span class='ocrx_word' id='word_1_497' title='bbox 3347 2742 3544 2776; x_wconf 83' lang='lat' dir='ltr'><strong>senem.</strong></span> <span class='ocrx_word' id='word_1_498' title='bbox 3777 2730 3842 2790; x_wconf 89' lang='lat'><strong>96</strong></span> 
     </span>
    </p>

    <p class='ocr_par' dir='ltr' id='par_1_31' title="bbox 2284 2788 3844 2919">
     <span class='ocr_line' id='line_1_73' title="bbox 2284 2788 3841 2856; baseline 0.001 -15"><span class='ocrx_word' id='word_1_499' title='bbox 2284 2795 2340 2841; x_wconf 91' lang='lat' dir='ltr'><strong>et</strong></span> <span class='ocrx_word' id='word_1_500' title='bbox 2363 2788 2500 2839; x_wconf 89' lang='lat' dir='ltr'><strong>serie</strong></span> <span class='ocrx_word' id='word_1_501' title='bbox 2524 2788 2714 2840; x_wconf 84' lang='lat' dir='ltr'><strong>fulcite</strong></span> <span class='ocrx_word' id='word_1_502' title='bbox 2737 2806 2939 2853; x_wconf 79' lang='lat' dir='ltr'><strong>genus:</strong></span> <span class='ocrx_word' id='word_1_503' title='bbox 2977 2790 3110 2841; x_wconf 90' lang='lat' dir='ltr'><strong>mihi</strong></span> <span class='ocrx_word' id='word_1_504' title='bbox 3134 2789 3329 2856; x_wconf 85' lang='lat' dir='ltr'><strong>cymba</strong></span> <span class='ocrx_word' id='word_1_505' title='bbox 3353 2790 3559 2841; x_wconf 81' lang='lat' dir='ltr'><strong>uolenti</strong></span> <span class='ocrx_word' id='word_1_506' title='bbox 3777 2795 3841 2853; x_wconf 90' lang='lat'><strong>69</strong></span> 
     </span>
     <span class='ocr_line' id='line_1_74' title="bbox 2349 2853 3844 2919; baseline 0.002 -16"><span class='ocrx_word' id='word_1_507' title='bbox 2349 2853 2583 2904; x_wconf 84' lang='lat' dir='ltr'><strong>soluitur</strong></span> <span class='ocrx_word' id='word_1_508' title='bbox 2604 2854 2846 2904; x_wconf 84' lang='lat' dir='ltr'><strong>aucturis</strong></span> <span class='ocrx_word' id='word_1_509' title='bbox 2870 2859 2954 2905; x_wconf 85' lang='lat' dir='ltr'><strong>tot</strong></span> <span class='ocrx_word' id='word_1_510' title='bbox 2978 2871 3101 2906; x_wconf 90' lang='lat' dir='ltr'><strong>mea</strong></span> <span class='ocrx_word' id='word_1_511' title='bbox 3123 2854 3241 2906; x_wconf 83' lang='lat' dir='ltr'><strong>fata</strong></span> <span class='ocrx_word' id='word_1_512' title='bbox 3264 2855 3411 2906; x_wconf 84' lang='lat' dir='ltr'><strong>meis.</strong></span> <span class='ocrx_word' id='word_1_513' title='bbox 3780 2870 3844 2919; x_wconf 93' lang='lat'><strong>70</strong></span> 
     </span>
    </p>

    <p class='ocr_par' dir='ltr' id='par_1_32' title="bbox 2231 2912 3842 3115">
     <span class='ocr_line' id='line_1_75' title="bbox 2231 2912 3840 2997; baseline 0.001 -29"><span class='ocrx_word' id='word_1_514' title='bbox 2231 2912 2236 2997; x_wconf 45' lang='lat' dir='ltr'><strong>l</strong></span> <span class='ocrx_word' id='word_1_515' title='bbox 2286 2918 2413 2977; x_wconf 80' lang='lat' dir='ltr'><strong>filia,</strong></span> <span class='ocrx_word' id='word_1_516' title='bbox 2443 2924 2505 2969; x_wconf 89' lang='lat' dir='ltr'><strong>tu</strong></span> <span class='ocrx_word' id='word_1_517' title='bbox 2529 2919 2796 2984; x_wconf 88' lang='lat' dir='ltr'><strong>specimen</strong></span> <span class='ocrx_word' id='word_1_518' title='bbox 2821 2936 3078 2971; x_wconf 89' lang='lat' dir='ltr'><strong>censurae</strong></span> <span class='ocrx_word' id='word_1_519' title='bbox 3102 2924 3235 2970; x_wconf 85' lang='lat' dir='ltr'><strong>nata</strong></span> <span class='ocrx_word' id='word_1_520' title='bbox 3258 2926 3533 2996; x_wconf 80' lang='lat' dir='ltr'><strong>pateruae,</strong></span> <span class='ocrx_word' id='word_1_521' title='bbox 3777 2923 3840 2983; x_wconf 85' lang='lat'><strong>67</strong></span> 
     </span>
     <span class='ocr_line' id='line_1_76' title="bbox 2231 2983 3842 3041; baseline 0.002 -8"><span class='ocrx_word' id='word_1_522' title='bbox 2231 3022 2235 3041; x_wconf 25' lang='lat'>³</span> <span class='ocrx_word' id='word_1_523' title='bbox 2350 2983 2436 3033; x_wconf 76' lang='lat' dir='ltr'><strong>fac</strong></span> <span class='ocrx_word' id='word_1_524' title='bbox 2462 2989 2648 3034; x_wconf 85' lang='lat' dir='ltr'><strong>teneas</strong></span> <span class='ocrx_word' id='word_1_525' title='bbox 2670 3000 2841 3034; x_wconf 91' lang='lat' dir='ltr'><strong>unum</strong></span> <span class='ocrx_word' id='word_1_526' title='bbox 2866 3001 2963 3035; x_wconf 91' lang='lat' dir='ltr'><strong>nos</strong></span> <span class='ocrx_word' id='word_1_527' title='bbox 2987 2984 3204 3036; x_wconf 86' lang='lat' dir='ltr'><strong>imitata</strong></span> <span class='ocrx_word' id='word_1_528' title='bbox 3226 3001 3421 3035; x_wconf 79' lang='lat' dir='ltr'><strong>uirum.</strong></span> <span class='ocrx_word' id='word_1_529' title='bbox 3776 2988 3842 3036; x_wconf 82' lang='lat'><strong>68</strong></span> 
     </span>
     <span class='ocr_line' id='line_1_77' title="bbox 2231 3047 3835 3115; baseline 0.002 -18"><span class='ocrx_word' id='word_1_530' title='bbox 2231 3054 2236 3097; x_wconf 72' lang='grc' dir='ltr'>ἰ</span> <span class='ocrx_word' id='word_1_531' title='bbox 2285 3048 2417 3099; x_wconf 84' lang='lat' dir='ltr'><strong>haec</strong></span> <span class='ocrx_word' id='word_1_532' title='bbox 2442 3054 2527 3099; x_wconf 87' lang='lat' dir='ltr'><strong>est</strong></span> <span class='ocrx_word' id='word_1_533' title='bbox 2551 3047 2772 3099; x_wconf 83' lang='lat' dir='ltr'><strong>feminei</strong></span> <span class='ocrx_word' id='word_1_534' title='bbox 2797 3065 2997 3100; x_wconf 75' lang='lat' dir='ltr'><strong>merces</strong></span> <span class='ocrx_word' id='word_1_535' title='bbox 3020 3055 3266 3100; x_wconf 85' lang='lat' dir='ltr'><strong>extrema</strong></span> <span class='ocrx_word' id='word_1_536' title='bbox 3291 3047 3569 3115; x_wconf 84' lang='lat' dir='ltr'><strong>triumphi,</strong></span> <span class='ocrx_word' id='word_1_537' title='bbox 3779 3064 3835 3113; x_wconf 85' lang='lat'><strong>71</strong></span> 
     </span>
    </p>
   </div>
   <div class='ocr_carea' id='block_1_16' title="bbox 2284 3112 3837 3298">
    <p class='ocr_par' dir='ltr' id='par_1_33' title="bbox 2284 3112 3837 3298">
     <span class='ocr_line' id='line_1_78' title="bbox 2351 3112 3837 3178; baseline 0.002 -16"><span class='ocrx_word' id='word_1_538' title='bbox 2351 3112 2542 3164; x_wconf 86' lang='lat' dir='ltr'><strong>laudat</strong></span> <span class='ocrx_word' id='word_1_539' title='bbox 2566 3112 2660 3164; x_wconf 88' lang='lat' dir='ltr'><strong>ubi</strong></span> <span class='ocrx_word' id='word_1_540' title='bbox 2684 3113 2971 3164; x_wconf 89' lang='lat' dir='ltr'><strong>emeritum</strong></span> <span class='ocrx_word' id='word_1_541' title='bbox 2996 3113 3168 3165; x_wconf 88' lang='lat' dir='ltr'><strong>libera</strong></span> <span class='ocrx_word' id='word_1_542' title='bbox 3189 3114 3340 3165; x_wconf 86' lang='lat' dir='ltr'><strong>fama</strong></span> <span class='ocrx_word' id='word_1_543' title='bbox 3364 3120 3558 3165; x_wconf 90' lang='lat' dir='ltr'><strong>torum.</strong></span> <span class='ocrx_word' id='word_1_544' title='bbox 3777 3129 3837 3178; x_wconf 79' lang='lat'><strong>72</strong></span> 
     </span>
     <span class='ocr_line' id='line_1_79' title="bbox 2284 3177 3834 3245; baseline 0.003 -18"><span class='ocrx_word' id='word_1_545' title='bbox 2284 3177 2525 3228; x_wconf 85' lang='lat' dir='ltr'><strong>moribus</strong></span> <span class='ocrx_word' id='word_1_546' title='bbox 2549 3188 2607 3229; x_wconf 86' lang='lat' dir='ltr'><strong>et</strong></span> <span class='ocrx_word' id='word_1_547' title='bbox 2629 3178 2840 3229; x_wconf 85' lang='lat' dir='ltr'><strong>caelum</strong></span> <span class='ocrx_word' id='word_1_548' title='bbox 2866 3179 3077 3245; x_wconf 85' lang='lat' dir='ltr'><strong>patuit:</strong></span> <span class='ocrx_word' id='word_1_549' title='bbox 3115 3179 3189 3229; x_wconf 72' lang='lat' dir='ltr'><strong>sis</strong></span> <span class='ocrx_word' id='word_1_550' title='bbox 3212 3179 3379 3244; x_wconf 75' lang='lat' dir='ltr'><strong>digna</strong></span> <span class='ocrx_word' id='word_1_551' title='bbox 3402 3179 3673 3242; x_wconf 85' lang='lat' dir='ltr'><strong>merendo,</strong></span> <span class='ocrx_word' id='word_1_552' title='bbox 3751 3196 3834 3231; x_wconf 81' lang='lat'><strong>101</strong></span> 
     </span>
     <span class='ocr_line' id='line_1_80' title="bbox 2349 3242 3410 3298; baseline 0.005 -5"><span class='ocrx_word' id='word_1_553' title='bbox 2349 3242 2506 3294; x_wconf 85' lang='lat' dir='ltr'><strong>cuius</strong></span> <span class='ocrx_word' id='word_1_554' title='bbox 2530 3243 2808 3295; x_wconf 87' lang='lat' dir='ltr'><strong>honoratis</strong></span> <span class='ocrx_word' id='word_1_555' title='bbox 2832 3260 2956 3296; x_wconf 88' lang='lat' dir='ltr'><strong>ossa</strong></span> <span class='ocrx_word' id='word_1_556' title='bbox 2978 3244 3252 3297; x_wconf 88' lang='lat' dir='ltr'><strong>uehantur</strong></span> <span class='ocrx_word' id='word_1_557' title='bbox 3274 3244 3410 3298; x_wconf 88' lang='lat' dir='ltr'><strong>auis.</strong></span> 
     </span>
    </p>
   </div>
   <div class='ocr_carea' id='block_1_17' title="bbox 618 3412 3836 3588">
    <p class='ocr_par' dir='ltr' id='par_1_34' title="bbox 618 3412 3836 3588">
     <span class='ocr_line' id='line_1_81' title="bbox 1182 3412 3836 3472; baseline 0.001 -13"><span class='ocrx_word' id='word_1_558' title='bbox 1182 3413 1439 3472; x_wconf 83' lang='lat' dir='ltr'><strong>Koppiers,</strong></span> <span class='ocrx_word' id='word_1_559' title='bbox 1473 3413 1550 3458; x_wconf 70' lang='lat' dir='ltr'><strong>dee</strong></span> <span class='ocrx_word' id='word_1_560' title='bbox 1583 3417 1722 3469; x_wconf 76' lang='lat' dir='ltr'><strong>pater</strong></span> <span class='ocrx_word' id='word_1_561' title='bbox 1754 3422 1811 3458; x_wconf 93' lang='grc' dir='ltr'><strong>Ω.</strong></span> <span class='ocrx_word' id='word_1_562' title='bbox 1878 3413 1936 3457; x_wconf 85' lang='grc'><strong>18</strong></span> <span class='ocrx_word' id='word_1_563' title='bbox 1968 3418 2019 3458; x_wconf 80' lang='lat' dir='ltr'><strong>at</strong></span> <span class='ocrx_word' id='word_1_564' title='bbox 2053 3412 2246 3458; x_wconf 85' lang='lat' dir='ltr'><strong>Nestor.</strong></span> <span class='ocrx_word' id='word_1_565' title='bbox 2311 3412 2371 3456; x_wconf 73' lang='lat'><strong>20</strong></span> <span class='ocrx_word' id='word_1_566' title='bbox 2394 3412 2435 3456; x_wconf 77' lang='grc' dir='ltr'><strong><em>ιέ</em></strong></span> <span class='ocrx_word' id='word_1_567' title='bbox 2457 3412 2627 3457; x_wconf 82' lang='lat' dir='ltr'><strong>Heius.</strong></span> <span class='ocrx_word' id='word_1_568' title='bbox 2675 3412 2854 3457; x_wconf 75' lang='lat' dir='ltr'><strong>iudicet</strong></span> <span class='ocrx_word' id='word_1_569' title='bbox 2882 3421 2920 3458; x_wconf 99' lang='lat' dir='ltr'>A</span> <span class='ocrx_word' id='word_1_570' title='bbox 2936 3429 3032 3468; x_wconf 81' lang='grc' dir='ltr'><strong>μυ.</strong></span> <span class='ocrx_word' id='word_1_571' title='bbox 3092 3412 3149 3455; x_wconf 78' lang='grc'><strong>81</strong></span> <span class='ocrx_word' id='word_1_572' title='bbox 3171 3414 3311 3457; x_wconf 71' lang='lat' dir='ltr'><strong>iuxta</strong></span> <span class='ocrx_word' id='word_1_573' title='bbox 3331 3418 3374 3458; x_wconf 75' lang='lat' dir='ltr'><strong>et</strong></span> <span class='ocrx_word' id='word_1_574' title='bbox 3396 3412 3527 3459; x_wconf 82' lang='lat' dir='ltr'><strong>Itali.</strong></span> <span class='ocrx_word' id='word_1_575' title='bbox 3570 3414 3757 3459; x_wconf 73' lang='lat' dir='ltr'><strong>minoia</strong></span> <span class='ocrx_word' id='word_1_576' title='bbox 3779 3426 3836 3462; x_wconf 91' lang='grc' dir='ltr'><strong>Ω.</strong></span> 
     </span>
     <span class='ocr_line' id='line_1_82' title="bbox 620 3471 2842 3529; baseline -0.002 -11"><span class='ocrx_word' id='word_1_577' title='bbox 620 3472 1290 3529; x_wconf 57' lang='grc' dir='ltr'><strong>εάζαεινμυ,κῑ1αοῐ).</strong></span> <span class='ocrx_word' id='word_1_578' title='bbox 1355 3473 1714 3528; x_wconf 54' lang='lat' dir='ltr'><strong>”corripiare</strong></span> <span class='ocrx_word' id='word_1_579' title='bbox 1743 3472 1775 3516; x_wconf 91' lang='lat' dir='ltr'><strong>l.</strong></span> <span class='ocrx_word' id='word_1_580' title='bbox 1812 3481 2014 3525; x_wconf 82' lang='grc' dir='ltr'><strong>Ω,οοιτ.</strong></span> <span class='ocrx_word' id='word_1_581' title='bbox 2049 3472 2281 3517; x_wconf 75' lang='lat' dir='ltr'><strong>Aur-atus.</strong></span> <span class='ocrx_word' id='word_1_582' title='bbox 2346 3471 2678 3528; x_wconf 57' lang='lat' dir='ltr'><strong>”lapsaFa</strong></span> <span class='ocrx_word' id='word_1_583' title='bbox 2744 3472 2842 3515; x_wconf 77' lang='grc'><strong>271</strong></span> 
     </span>
     <span class='ocr_line' id='line_1_83' title="bbox 618 3529 2220 3588; baseline -0.002 -11"><span class='ocrx_word' id='word_1_584' title='bbox 618 3533 777 3578; x_wconf 70' lang='lat' dir='ltr'><strong>deeora*</strong></span> <span class='ocrx_word' id='word_1_585' title='bbox 796 3549 839 3588; x_wconf 80' lang='grc' dir='ltr'><strong>μ.</strong></span> <span class='ocrx_word' id='word_1_586' title='bbox 855 3549 893 3586; x_wconf 84' lang='grc' dir='ltr'><strong>υ,</strong></span> <span class='ocrx_word' id='word_1_587' title='bbox 917 3533 1089 3578; x_wconf 72' lang='lat' dir='ltr'><strong>decor-a</strong></span> <span class='ocrx_word' id='word_1_588' title='bbox 1115 3532 1303 3588; x_wconf 71' lang='lat' dir='ltr'><strong>trophei</strong></span> <span class='ocrx_word' id='word_1_589' title='bbox 1330 3531 1388 3577; x_wconf 94' lang='grc' dir='ltr'><strong>Ο.</strong></span> <span class='ocrx_word' id='word_1_590' title='bbox 1454 3531 1514 3574; x_wconf 94' lang='grc'><strong>80</strong></span> <span class='ocrx_word' id='word_1_591' title='bbox 1532 3545 1625 3576; x_wconf 90' lang='lat' dir='ltr'><strong>om.</strong></span> <span class='ocrx_word' id='word_1_592' title='bbox 1652 3531 1705 3575; x_wconf 79' lang='lat' dir='ltr'><strong>F.</strong></span> <span class='ocrx_word' id='word_1_593' title='bbox 1751 3529 1883 3586; x_wconf 76' lang='lat' dir='ltr'><strong>Afra</strong></span> <span class='ocrx_word' id='word_1_594' title='bbox 1906 3529 2050 3584; x_wconf 69' lang='lat' dir='ltr'><strong>Scal„</strong></span> <span class='ocrx_word' id='word_1_595' title='bbox 2076 3545 2160 3574; x_wconf 81' lang='lat' dir='ltr'><strong>era</strong></span> <span class='ocrx_word' id='word_1_596' title='bbox 2182 3548 2220 3586; x_wconf 80' lang='grc' dir='ltr'>μ</span> 
     </span>
    </p>
   </div>
   <div class='ocr_carea' id='block_1_18' title="bbox 2935 3469 3843 3532">
    <p class='ocr_par' dir='ltr' id='par_1_35' title="bbox 2935 3469 3843 3532">
     <span class='ocr_line' id='line_1_84' title="bbox 2935 3469 3843 3532; baseline 0.003 -16"><span class='ocrx_word' id='word_1_597' title='bbox 2935 3485 2994 3516; x_wconf 82' lang='lat' dir='ltr'><strong>or</strong></span> <span class='ocrx_word' id='word_1_598' title='bbox 3014 3481 3071 3516; x_wconf 97' lang='grc' dir='ltr'><strong>Ω.</strong></span> <span class='ocrx_word' id='word_1_599' title='bbox 3109 3469 3268 3528; x_wconf 76' lang='lat' dir='ltr'><strong>fallor</strong></span> <span class='ocrx_word' id='word_1_600' title='bbox 3288 3481 3344 3517; x_wconf 91' lang='grc' dir='ltr'><strong>Ω.</strong></span> <span class='ocrx_word' id='word_1_601' title='bbox 3411 3472 3469 3515; x_wconf 78' lang='lat'><strong>29</strong></span> <span class='ocrx_word' id='word_1_602' title='bbox 3489 3473 3686 3529; x_wconf 77' lang='lat' dir='ltr'><strong>trophea</strong></span> <span class='ocrx_word' id='word_1_603' title='bbox 3703 3472 3776 3532; x_wconf 74' lang='grc' dir='ltr'><strong>(ςα</strong></span> <span class='ocrx_word' id='word_1_604' title='bbox 3799 3473 3843 3529; x_wconf 88' lang='grc' dir='ltr'><strong>υ)</strong></span> 
     </span>
    </p>
   </div>
   <div class='ocr_carea' id='block_1_19' title="bbox 2261 3485 3836 3587">
    <p class='ocr_par' dir='ltr' id='par_1_36' title="bbox 2261 3485 3836 3587">
     <span class='ocr_line' id='line_1_85' title="bbox 2261 3485 3836 3587; baseline 0.003 -13"><span class='ocrx_word' id='word_1_605' title='bbox 2261 3544 2346 3587; x_wconf 63' lang='lat' dir='ltr'><strong>fra</strong></span> <span class='ocrx_word' id='word_1_606' title='bbox 2368 3547 2392 3574; x_wconf 89' lang='grc' dir='ltr'><strong><em>υ</em></strong></span> <span class='ocrx_word' id='word_1_607' title='bbox 2411 3529 2480 3585; x_wconf 88' lang='lat' dir='ltr'><strong>(h.</strong></span> <span class='ocrx_word' id='word_1_608' title='bbox 2507 3544 2546 3575; x_wconf 90' lang='lat' dir='ltr'><strong>e.</strong></span> <span class='ocrx_word' id='word_1_609' title='bbox 2574 3528 2726 3583; x_wconf 79' lang='lat' dir='ltr'><strong>aera),</strong></span> <span class='ocrx_word' id='word_1_610' title='bbox 2751 3535 2794 3574; x_wconf 73' lang='lat' dir='ltr'><strong>et</strong></span> <span class='ocrx_word' id='word_1_611' title='bbox 2816 3485 2932 3576; x_wconf 53' lang='lat' dir='ltr'><strong>Aaf:</strong></span> <span class='ocrx_word' id='word_1_612' title='bbox 2955 3535 3122 3575; x_wconf 64' lang='lat' dir='ltr'><strong>nostra</strong></span> <span class='ocrx_word' id='word_1_613' title='bbox 3145 3531 3211 3575; x_wconf 80' lang='lat' dir='ltr'><strong>N.</strong></span> <span class='ocrx_word' id='word_1_614' title='bbox 3237 3531 3379 3585; x_wconf 68' lang='lat' dir='ltr'><strong>sigma</strong></span> <span class='ocrx_word' id='word_1_615' title='bbox 3410 3531 3606 3587; x_wconf 88' lang='lat' dir='ltr'><strong>Baehr.,</strong></span> <span class='ocrx_word' id='word_1_616' title='bbox 3630 3545 3748 3577; x_wconf 82' lang='lat' dir='ltr'><strong>aera</strong></span> <span class='ocrx_word' id='word_1_617' title='bbox 3769 3534 3836 3579; x_wconf 80' lang='lat' dir='ltr'><strong>N.</strong></span> 
     </span>
    </p>
   </div>
   <div class='ocr_carea' id='block_1_20' title="bbox 617 3587 3841 3708">
    <p class='ocr_par' dir='ltr' id='par_1_37' title="bbox 617 3587 3841 3708">
     <span class='ocr_line' id='line_1_86' title="bbox 617 3587 3841 3647; baseline 0 -11"><span class='ocrx_word' id='word_1_618' title='bbox 617 3596 784 3637; x_wconf 69' lang='lat' dir='ltr'><strong>nostra</strong></span> <span class='ocrx_word' id='word_1_619' title='bbox 806 3590 959 3637; x_wconf 83' lang='lat' dir='ltr'><strong>Palm.</strong></span> <span class='ocrx_word' id='word_1_620' title='bbox 1026 3591 1083 3635; x_wconf 86' lang='grc'><strong>81</strong></span> <span class='ocrx_word' id='word_1_621' title='bbox 1116 3593 1263 3647; x_wconf 70' lang='lat' dir='ltr'><strong>uirya</strong></span> <span class='ocrx_word' id='word_1_622' title='bbox 1285 3588 1588 3647; x_wconf 83' lang='lat' dir='ltr'><strong>Peerlkamp.</strong></span> <span class='ocrx_word' id='word_1_623' title='bbox 1633 3589 1814 3644; x_wconf 61' lang='lat' dir='ltr'><strong>&amp;yones</strong></span> <span class='ocrx_word' id='word_1_624' title='bbox 1834 3598 1892 3634; x_wconf 89' lang='grc' dir='ltr'><strong>Ω.</strong></span> <span class='ocrx_word' id='word_1_625' title='bbox 1957 3589 2017 3632; x_wconf 71' lang='lat'><strong>³4</strong></span> <span class='ocrx_word' id='word_1_626' title='bbox 2035 3589 2291 3645; x_wconf 71' lang='lat' dir='ltr'><strong>adspersas</strong></span> <span class='ocrx_word' id='word_1_627' title='bbox 2316 3587 2445 3643; x_wconf 87' lang='lat' dir='ltr'><strong>Itali,</strong></span> <span class='ocrx_word' id='word_1_628' title='bbox 2471 3588 2587 3634; x_wconf 83' lang='lat' dir='ltr'><strong>fort.</strong></span> <span class='ocrx_word' id='word_1_629' title='bbox 2613 3590 2791 3644; x_wconf 72' lang='lat' dir='ltr'><strong>accipit</strong></span> <span class='ocrx_word' id='word_1_630' title='bbox 2811 3593 2853 3633; x_wconf 75' lang='lat' dir='ltr'><strong>et</strong></span> <span class='ocrx_word' id='word_1_631' title='bbox 2865 3590 3081 3634; x_wconf 63' lang='lat' dir='ltr'><strong>vinctas.</strong></span> <span class='ocrx_word' id='word_1_632' title='bbox 3147 3590 3205 3633; x_wconf 87' lang='grc'><strong>88</strong></span> <span class='ocrx_word' id='word_1_633' title='bbox 3223 3593 3280 3634; x_wconf 79' lang='lat' dir='ltr'><strong>ut</strong></span> <span class='ocrx_word' id='word_1_634' title='bbox 3301 3589 3556 3644; x_wconf 81' lang='lat' dir='ltr'><strong>Graeuius,</strong></span> <span class='ocrx_word' id='word_1_635' title='bbox 3581 3592 3638 3635; x_wconf 82' lang='lat' dir='ltr'><strong>in</strong></span> <span class='ocrx_word' id='word_1_636' title='bbox 3659 3600 3716 3636; x_wconf 87' lang='grc' dir='ltr'><strong>Ω.</strong></span> <span class='ocrx_word' id='word_1_637' title='bbox 3782 3593 3841 3636; x_wconf 83' lang='grc'><strong>88</strong></span> 
     </span>
     <span class='ocr_line' id='line_1_87' title="bbox 619 3646 3836 3708; baseline 0 -13"><span class='ocrx_word' id='word_1_638' title='bbox 619 3649 741 3695; x_wconf 80' lang='lat' dir='ltr'><strong>duos</strong></span> <span class='ocrx_word' id='word_1_639' title='bbox 770 3663 941 3695; x_wconf 80' lang='lat' dir='ltr'><strong>uersus</strong></span> <span class='ocrx_word' id='word_1_640' title='bbox 972 3649 1170 3708; x_wconf 83' lang='lat' dir='ltr'><strong>periisse</strong></span> <span class='ocrx_word' id='word_1_641' title='bbox 1206 3648 1335 3694; x_wconf 89' lang='lat' dir='ltr'><strong>uidit</strong></span> <span class='ocrx_word' id='word_1_642' title='bbox 1366 3649 1557 3693; x_wconf 69' lang='grc' dir='ltr'><strong>Μυκη-ο.</strong></span> <span class='ocrx_word' id='word_1_643' title='bbox 1618 3662 1805 3704; x_wconf 72' lang='lat' dir='ltr'><strong>per-sem</strong></span> <span class='ocrx_word' id='word_1_644' title='bbox 1827 3647 1885 3693; x_wconf 93' lang='grc' dir='ltr'><strong>Ο.</strong></span> <span class='ocrx_word' id='word_1_645' title='bbox 1905 3648 2348 3704; x_wconf 77' lang='lat' dir='ltr'><strong>proauo—Achille</strong></span> <span class='ocrx_word' id='word_1_646' title='bbox 2377 3647 2585 3705; x_wconf 80' lang='lat' dir='ltr'><strong>Lipsius,</strong></span> <span class='ocrx_word' id='word_1_647' title='bbox 2616 3647 3049 3704; x_wconf 68' lang='lat' dir='ltr'><strong>promti—Achilli</strong></span> <span class='ocrx_word' id='word_1_648' title='bbox 3069 3656 3111 3692; x_wconf 88' lang='grc' dir='ltr'><strong>Ω</strong></span> <span class='ocrx_word' id='word_1_649' title='bbox 3135 3646 3266 3704; x_wconf 80' lang='lat' dir='ltr'><strong>uulg.</strong></span> <span class='ocrx_word' id='word_1_650' title='bbox 3311 3649 3620 3694; x_wconf 66' lang='lat' dir='ltr'><strong>simulantem</strong></span> <span class='ocrx_word' id='word_1_651' title='bbox 3650 3667 3674 3693; x_wconf 88' lang='grc' dir='ltr'><strong><em>υ</em></strong></span> <span class='ocrx_word' id='word_1_652' title='bbox 3703 3649 3836 3707; x_wconf 80' lang='lat' dir='ltr'><strong>uulg.</strong></span> 
     </span>
    </p>
   </div>
   <div class='ocr_carea' id='block_1_21' title="bbox 619 3705 3840 3825">
    <p class='ocr_par' dir='ltr' id='par_1_38' title="bbox 619 3705 3840 3825">
     <span class='ocr_line' id='line_1_88' title="bbox 619 3705 2543 3766; baseline -0.001 -14"><span class='ocrx_word' id='word_1_653' title='bbox 619 3710 681 3752; x_wconf 70' lang='lat'><strong>40</strong></span> <span class='ocrx_word' id='word_1_654' title='bbox 704 3722 918 3766; x_wconf 69' lang='lat' dir='ltr'><strong>pmanos</strong></span> <span class='ocrx_word' id='word_1_655' title='bbox 937 3728 977 3765; x_wconf 86' lang='grc' dir='ltr'><strong>μ.</strong></span> <span class='ocrx_word' id='word_1_656' title='bbox 998 3707 1096 3764; x_wconf 73' lang='grc' dir='ltr'><strong>(-ιιε</strong></span> <span class='ocrx_word' id='word_1_657' title='bbox 1117 3707 1172 3765; x_wconf 87' lang='grc' dir='ltr'><strong>υ),</strong></span> <span class='ocrx_word' id='word_1_658' title='bbox 1194 3721 1384 3765; x_wconf 81' lang='lat' dir='ltr'><strong>proauo</strong></span> <span class='ocrx_word' id='word_1_659' title='bbox 1403 3707 1461 3753; x_wconf 91' lang='grc' dir='ltr'><strong>Ο.</strong></span> <span class='ocrx_word' id='word_1_660' title='bbox 1510 3707 1705 3752; x_wconf 78' lang='lat' dir='ltr'><strong>Auerne</strong></span> <span class='ocrx_word' id='word_1_661' title='bbox 1736 3707 1927 3761; x_wconf 87' lang='lat' dir='ltr'><strong>Munro,</strong></span> <span class='ocrx_word' id='word_1_662' title='bbox 1964 3707 2156 3752; x_wconf 73' lang='lat' dir='ltr'><strong>Achille</strong></span> <span class='ocrx_word' id='word_1_663' title='bbox 2186 3716 2243 3752; x_wconf 89' lang='grc' dir='ltr'><strong>Ω.</strong></span> <span class='ocrx_word' id='word_1_664' title='bbox 2307 3707 2368 3750; x_wconf 71' lang='lat'><strong>48</strong></span> <span class='ocrx_word' id='word_1_665' title='bbox 2390 3705 2543 3762; x_wconf 82' lang='lat' dir='ltr'><strong>nons.</strong></span> 
     </span>
     <span class='ocr_line' id='line_1_89' title="bbox 942 3764 3840 3825; baseline 0 -12"><span class='ocrx_word' id='word_1_666' title='bbox 942 3769 1100 3825; x_wconf 68' lang='lat' dir='ltr'><strong>ponis</strong></span> <span class='ocrx_word' id='word_1_667' title='bbox 1132 3777 1191 3812; x_wconf 87' lang='grc' dir='ltr'><strong>Ω.</strong></span> <span class='ocrx_word' id='word_1_668' title='bbox 1254 3767 1315 3810; x_wconf 71' lang='lat'><strong>49</strong></span> <span class='ocrx_word' id='word_1_669' title='bbox 1350 3766 1609 3824; x_wconf 77' lang='lat' dir='ltr'><strong>quamlibet</strong></span> <span class='ocrx_word' id='word_1_670' title='bbox 1644 3765 1907 3811; x_wconf 83' lang='lat' dir='ltr'><strong>Liuineius.</strong></span> <span class='ocrx_word' id='word_1_671' title='bbox 1952 3766 2126 3810; x_wconf 75' lang='lat' dir='ltr'><strong>umbra</strong></span> <span class='ocrx_word' id='word_1_672' title='bbox 2162 3764 2348 3811; x_wconf 88' lang='lat' dir='ltr'><strong>Eldick.</strong></span> <span class='ocrx_word' id='word_1_673' title='bbox 2403 3766 2463 3809; x_wconf 84' lang='grc'><strong>88</strong></span> <span class='ocrx_word' id='word_1_674' title='bbox 2499 3770 2665 3810; x_wconf 80' lang='lat' dir='ltr'><strong>tu-tu</strong></span> <span class='ocrx_word' id='word_1_675' title='bbox 2702 3782 2734 3807; x_wconf 74' lang='grc' dir='ltr'><strong><em>τ</em></strong></span> <span class='ocrx_word' id='word_1_676' title='bbox 2766 3764 2899 3821; x_wconf 81' lang='lat' dir='ltr'><strong>uulg.</strong></span> <span class='ocrx_word' id='word_1_677' title='bbox 2964 3766 3022 3809; x_wconf 84' lang='grc'><strong>88</strong></span> <span class='ocrx_word' id='word_1_678' title='bbox 3044 3764 3169 3821; x_wconf 74' lang='lat' dir='ltr'><strong>sesto</strong></span> <span class='ocrx_word' id='word_1_679' title='bbox 3201 3765 3281 3811; x_wconf 83' lang='lat' dir='ltr'><strong>Ko</strong></span> <span class='ocrx_word' id='word_1_680' title='bbox 3317 3765 3457 3823; x_wconf 84' lang='lat' dir='ltr'><strong>piers,</strong></span> <span class='ocrx_word' id='word_1_681' title='bbox 3490 3764 3626 3823; x_wconf 78' lang='lat' dir='ltr'><strong>sacto</strong></span> <span class='ocrx_word' id='word_1_682' title='bbox 3657 3776 3715 3813; x_wconf 88' lang='grc' dir='ltr'><strong>Ω.</strong></span> <span class='ocrx_word' id='word_1_683' title='bbox 3781 3769 3840 3813; x_wconf 97' lang='grc'><strong>87</strong></span> 
     </span>
    </p>
   </div>
   <div class='ocr_carea' id='block_1_22' title="bbox 621 3768 913 3814">
    <p class='ocr_par' dir='ltr' id='par_1_39' title="bbox 621 3768 913 3814">
     <span class='ocr_line' id='line_1_90' title="bbox 621 3768 913 3814; baseline -0.007 -1"><span class='ocrx_word' id='word_1_684' title='bbox 621 3768 789 3814; x_wconf 77' lang='lat' dir='ltr'><strong>Burin.</strong></span> <span class='ocrx_word' id='word_1_685' title='bbox 852 3768 913 3811; x_wconf 69' lang='lat'><strong>48</strong></span> 
     </span>
    </p>
   </div>
   <div class='ocr_carea' id='block_1_23' title="bbox 2570 3705 3841 3763">
    <p class='ocr_par' dir='ltr' id='par_1_40' title="bbox 2570 3705 3841 3763">
     <span class='ocr_line' id='line_1_91' title="bbox 2570 3705 3841 3763; baseline 0.002 -13"><span class='ocrx_word' id='word_1_686' title='bbox 2570 3724 2613 3763; x_wconf 83' lang='grc' dir='ltr'>μ</span> <span class='ocrx_word' id='word_1_687' title='bbox 2629 3725 2665 3760; x_wconf 89' lang='grc' dir='ltr'><strong>υ,</strong></span> <span class='ocrx_word' id='word_1_688' title='bbox 2692 3705 2883 3760; x_wconf 58' lang='lat' dir='ltr'><strong>wuston</strong></span> <span class='ocrx_word' id='word_1_689' title='bbox 2903 3705 3057 3762; x_wconf 69' lang='lat' dir='ltr'><strong>offuit</strong></span> <span class='ocrx_word' id='word_1_690' title='bbox 3079 3706 3137 3751; x_wconf 93' lang='grc' dir='ltr'><strong>Ο.</strong></span> <span class='ocrx_word' id='word_1_691' title='bbox 3200 3707 3261 3750; x_wconf 71' lang='lat'><strong>48</strong></span> <span class='ocrx_word' id='word_1_692' title='bbox 3282 3708 3522 3763; x_wconf 71' lang='lat' dir='ltr'><strong>insiyrwm</strong></span> <span class='ocrx_word' id='word_1_693' title='bbox 3542 3707 3601 3762; x_wconf 91' lang='grc' dir='ltr'><strong>Ο,</strong></span> <span class='ocrx_word' id='word_1_694' title='bbox 3627 3708 3841 3754; x_wconf 62' lang='lat' dir='ltr'><strong>insontes</strong></span> 
     </span>
    </p>
   </div>
   <div class='ocr_carea' id='block_1_24' title="bbox 618 3823 3842 4120">
    <p class='ocr_par' dir='ltr' id='par_1_41' title="bbox 618 3823 3842 4120">
     <span class='ocr_line' id='line_1_92' title="bbox 618 3823 3834 3881; baseline 0 -10"><span class='ocrx_word' id='word_1_695' title='bbox 618 3828 816 3871; x_wconf 69' lang='lat' dir='ltr'><strong>weci‘em</strong></span> <span class='ocrx_word' id='word_1_696' title='bbox 830 3835 863 3871; x_wconf 73' lang='grc' dir='ltr'><strong><em>ο</em></strong></span> <span class='ocrx_word' id='word_1_697' title='bbox 881 3825 942 3872; x_wconf 88' lang='lat' dir='ltr'><strong>D.</strong></span> <span class='ocrx_word' id='word_1_698' title='bbox 1006 3827 1067 3870; x_wconf 93' lang='grc'><strong>70</strong></span> <span class='ocrx_word' id='word_1_699' title='bbox 1085 3827 1311 3871; x_wconf 66' lang='lat' dir='ltr'><strong>aucturis</strong></span> <span class='ocrx_word' id='word_1_700' title='bbox 1326 3836 1362 3871; x_wconf 88' lang='grc' dir='ltr'><strong>Δ</strong></span> <span class='ocrx_word' id='word_1_701' title='bbox 1380 3825 1420 3870; x_wconf 91' lang='lat' dir='ltr'>L</span> <span class='ocrx_word' id='word_1_702' title='bbox 1434 3842 1475 3879; x_wconf 84' lang='grc' dir='ltr'><strong>μ.</strong></span> <span class='ocrx_word' id='word_1_703' title='bbox 1493 3843 1529 3879; x_wconf 88' lang='grc' dir='ltr'><strong>υ,</strong></span> <span class='ocrx_word' id='word_1_704' title='bbox 1548 3826 1780 3881; x_wconf 72' lang='lat' dir='ltr'><strong>nupturis</strong></span> <span class='ocrx_word' id='word_1_705' title='bbox 1798 3825 1849 3880; x_wconf 81' lang='lat' dir='ltr'><strong>F,</strong></span> <span class='ocrx_word' id='word_1_706' title='bbox 1872 3825 2017 3869; x_wconf 69' lang='lat' dir='ltr'><strong>soluit</strong></span> <span class='ocrx_word' id='word_1_707' title='bbox 2038 3823 2112 3880; x_wconf 71' lang='grc' dir='ltr'><strong>(τ)</strong></span> <span class='ocrx_word' id='word_1_708' title='bbox 2132 3825 2340 3869; x_wconf 68' lang='lat' dir='ltr'><strong>luctaris</strong></span> <span class='ocrx_word' id='word_1_709' title='bbox 2366 3823 2441 3869; x_wconf 87' lang='lat' dir='ltr'><strong>ed.</strong></span> <span class='ocrx_word' id='word_1_710' title='bbox 2469 3824 2633 3878; x_wconf 84' lang='lat' dir='ltr'><strong>Eton.,</strong></span> <span class='ocrx_word' id='word_1_711' title='bbox 2653 3823 2767 3869; x_wconf 79' lang='lat' dir='ltr'><strong>fort.</strong></span> <span class='ocrx_word' id='word_1_712' title='bbox 2786 3825 2984 3880; x_wconf 66' lang='lat' dir='ltr'><strong>soluere,</strong></span> <span class='ocrx_word' id='word_1_713' title='bbox 3003 3824 3221 3870; x_wconf 71' lang='lat' dir='ltr'><strong>luctaris.</strong></span> <span class='ocrx_word' id='word_1_714' title='bbox 3289 3829 3400 3870; x_wconf 78' lang='lat' dir='ltr'><strong>acta</strong></span> <span class='ocrx_word' id='word_1_715' title='bbox 3415 3841 3462 3870; x_wconf 71' lang='grc' dir='ltr'><strong>τ.</strong></span> <span class='ocrx_word' id='word_1_716' title='bbox 3480 3825 3626 3870; x_wconf 68' lang='lat' dir='ltr'><strong>malis</strong></span> <span class='ocrx_word' id='word_1_717' title='bbox 3637 3835 3696 3881; x_wconf 91' lang='grc' dir='ltr'><strong>Ω,</strong></span> <span class='ocrx_word' id='word_1_718' title='bbox 3714 3841 3834 3872; x_wconf 85' lang='lat' dir='ltr'><strong>corr.</strong></span> 
     </span>
     <span class='ocr_line' id='line_1_93' title="bbox 621 3882 3834 3940; baseline 0.001 -10"><span class='ocrx_word' id='word_1_719' title='bbox 621 3884 905 3931; x_wconf 84' lang='lat' dir='ltr'><strong>Palmerius.</strong></span> <span class='ocrx_word' id='word_1_720' title='bbox 970 3885 1029 3929; x_wconf 76' lang='lat'><strong>‘12</strong></span> <span class='ocrx_word' id='word_1_721' title='bbox 1049 3899 1222 3940; x_wconf 75' lang='lat' dir='ltr'><strong>royum</strong></span> <span class='ocrx_word' id='word_1_722' title='bbox 1243 3893 1301 3938; x_wconf 87' lang='grc' dir='ltr'><strong>Ω,</strong></span> <span class='ocrx_word' id='word_1_723' title='bbox 1326 3898 1447 3930; x_wconf 83' lang='lat' dir='ltr'><strong>corr.</strong></span> <span class='ocrx_word' id='word_1_724' title='bbox 1474 3883 1726 3930; x_wconf 86' lang='lat' dir='ltr'><strong>Schrader.</strong></span> <span class='ocrx_word' id='word_1_725' title='bbox 1791 3884 1850 3928; x_wconf 97' lang='grc'><strong>78</strong></span> <span class='ocrx_word' id='word_1_726' title='bbox 1871 3882 2092 3938; x_wconf 77' lang='lat' dir='ltr'><strong>fouenda</strong></span> <span class='ocrx_word' id='word_1_727' title='bbox 2121 3882 2287 3929; x_wconf 80' lang='lat' dir='ltr'><strong>Muell.</strong></span> <span class='ocrx_word' id='word_1_728' title='bbox 2354 3884 2412 3927; x_wconf 91' lang='grc'><strong>77</strong></span> <span class='ocrx_word' id='word_1_729' title='bbox 2434 3888 2588 3928; x_wconf 79' lang='lat' dir='ltr'><strong>mater</strong></span> <span class='ocrx_word' id='word_1_730' title='bbox 2609 3893 2666 3928; x_wconf 88' lang='grc' dir='ltr'><strong>Ω.</strong></span> <span class='ocrx_word' id='word_1_731' title='bbox 2732 3883 2790 3927; x_wconf 85' lang='grc'><strong>78</strong></span> <span class='ocrx_word' id='word_1_732' title='bbox 2811 3885 2856 3927; x_wconf 73' lang='lat' dir='ltr'><strong>ei</strong></span> <span class='ocrx_word' id='word_1_733' title='bbox 2875 3885 2987 3940; x_wconf 67' lang='lat' dir='ltr'><strong>quis</strong></span> <span class='ocrx_word' id='word_1_734' title='bbox 3006 3893 3064 3938; x_wconf 91' lang='grc' dir='ltr'><strong>Ω,</strong></span> <span class='ocrx_word' id='word_1_735' title='bbox 3090 3898 3209 3928; x_wconf 88' lang='lat' dir='ltr'><strong>corr.</strong></span> <span class='ocrx_word' id='word_1_736' title='bbox 3235 3897 3280 3929; x_wconf 85' lang='lat' dir='ltr'><strong>v.</strong></span> <span class='ocrx_word' id='word_1_737' title='bbox 3326 3885 3417 3929; x_wconf 78' lang='lat' dir='ltr'><strong>ere‘t</strong></span> <span class='ocrx_word' id='word_1_738' title='bbox 3439 3893 3497 3929; x_wconf 92' lang='grc' dir='ltr'><strong>Ω.</strong></span> <span class='ocrx_word' id='word_1_739' title='bbox 3562 3885 3620 3928; x_wconf 86' lang='grc'><strong>81</strong></span> <span class='ocrx_word' id='word_1_740' title='bbox 3640 3890 3754 3931; x_wconf 66' lang='lat' dir='ltr'><strong>sunt</strong></span> <span class='ocrx_word' id='word_1_741' title='bbox 3776 3885 3834 3932; x_wconf 93' lang='grc' dir='ltr'><strong>Ο.</strong></span> 
     </span>
     <span class='ocr_line' id='line_1_94' title="bbox 618 3941 3836 4000; baseline 0 -12"><span class='ocrx_word' id='word_1_742' title='bbox 618 3944 679 3988; x_wconf 79' lang='grc'><strong>88</strong></span> <span class='ocrx_word' id='word_1_743' title='bbox 697 3944 890 3990; x_wconf 74' lang='lat' dir='ltr'><strong>reddita</strong></span> <span class='ocrx_word' id='word_1_744' title='bbox 922 3943 1176 3989; x_wconf 79' lang='lat' dir='ltr'><strong>Graeuius.</strong></span> <span class='ocrx_word' id='word_1_745' title='bbox 1240 3943 1301 3986; x_wconf 64' lang='grc'><strong>84</strong></span> <span class='ocrx_word' id='word_1_746' title='bbox 1320 3948 1421 3988; x_wconf 73' lang='lat' dir='ltr'><strong>tace</strong></span> <span class='ocrx_word' id='word_1_747' title='bbox 1442 3953 1500 3989; x_wconf 91' lang='grc' dir='ltr'><strong>Ω.</strong></span> <span class='ocrx_word' id='word_1_748' title='bbox 1564 3943 1623 3986; x_wconf 87' lang='grc'><strong>87</strong></span> <span class='ocrx_word' id='word_1_749' title='bbox 1642 3943 1817 3987; x_wconf 77' lang='lat' dir='ltr'><strong>‹lm-ate</strong></span> <span class='ocrx_word' id='word_1_750' title='bbox 1840 3942 2043 3987; x_wconf 85' lang='lat' dir='ltr'><strong>Housm.</strong></span> <span class='ocrx_word' id='word_1_751' title='bbox 2108 3942 2168 3985; x_wconf 76' lang='grc'><strong>88</strong></span> <span class='ocrx_word' id='word_1_752' title='bbox 2187 3942 2368 3987; x_wconf 65' lang='lat' dir='ltr'><strong>‹licem-it</strong></span> <span class='ocrx_word' id='word_1_753' title='bbox 2390 3952 2443 3988; x_wconf 94' lang='lat' dir='ltr'><strong>A.</strong></span> <span class='ocrx_word' id='word_1_754' title='bbox 2510 3942 2569 3986; x_wconf 88' lang='grc'><strong>88</strong></span> <span class='ocrx_word' id='word_1_755' title='bbox 2599 3943 2774 3986; x_wconf 68' lang='lat' dir='ltr'><strong>sentire</strong></span> <span class='ocrx_word' id='word_1_756' title='bbox 2804 3951 2863 3997; x_wconf 88' lang='grc' dir='ltr'><strong>Ω,</strong></span> <span class='ocrx_word' id='word_1_757' title='bbox 2898 3957 3016 3987; x_wconf 91' lang='lat' dir='ltr'><strong>corr.</strong></span> <span class='ocrx_word' id='word_1_758' title='bbox 3054 3941 3304 3988; x_wconf 84' lang='lat' dir='ltr'><strong>Schrader.</strong></span> <span class='ocrx_word' id='word_1_759' title='bbox 3371 3942 3429 3986; x_wconf 92' lang='grc'><strong>87</strong></span> <span class='ocrx_word' id='word_1_760' title='bbox 3459 3944 3611 3988; x_wconf 50' lang='lat' dir='ltr'><strong>nuntia·</strong></span> <span class='ocrx_word' id='word_1_761' title='bbox 3640 3944 3836 4000; x_wconf 86' lang='lat' dir='ltr'><strong>Baebr.,</strong></span> 
     </span>
     <span class='ocr_line' id='line_1_95' title="bbox 618 3999 3842 4062; baseline 0 -14"><span class='ocrx_word' id='word_1_762' title='bbox 618 4008 774 4048; x_wconf 67' lang='lat' dir='ltr'><strong>mater</strong></span> <span class='ocrx_word' id='word_1_763' title='bbox 794 4012 836 4048; x_wconf 88' lang='grc' dir='ltr'><strong>Ω</strong></span> <span class='ocrx_word' id='word_1_764' title='bbox 859 4002 994 4059; x_wconf 80' lang='lat' dir='ltr'><strong>uulg.</strong></span> <span class='ocrx_word' id='word_1_765' title='bbox 1037 4002 1251 4058; x_wconf 69' lang='lat' dir='ltr'><strong>lubm‘qia</strong></span> <span class='ocrx_word' id='word_1_766' title='bbox 1279 4002 1342 4056; x_wconf 89' lang='lat' dir='ltr'><strong>N,</strong></span> <span class='ocrx_word' id='word_1_767' title='bbox 1369 4002 1558 4047; x_wconf 77' lang='lat' dir='ltr'><strong>lubrica</strong></span> <span class='ocrx_word' id='word_1_768' title='bbox 1580 4001 1639 4047; x_wconf 90' lang='grc' dir='ltr'><strong>Ο.</strong></span> <span class='ocrx_word' id='word_1_769' title='bbox 1684 4006 1931 4057; x_wconf 65' lang='lat' dir='ltr'><strong>sumptum</strong></span> <span class='ocrx_word' id='word_1_770' title='bbox 1952 4011 2011 4056; x_wconf 92' lang='grc' dir='ltr'><strong>Ω,</strong></span> <span class='ocrx_word' id='word_1_771' title='bbox 2037 4015 2157 4046; x_wconf 90' lang='lat' dir='ltr'><strong>corr.</strong></span> <span class='ocrx_word' id='word_1_772' title='bbox 2185 4000 2358 4047; x_wconf 86' lang='lat' dir='ltr'><strong>Baebr.</strong></span> <span class='ocrx_word' id='word_1_773' title='bbox 2385 4000 2592 4058; x_wconf 70' lang='lat' dir='ltr'><strong>(sumpsi</strong></span> <span class='ocrx_word' id='word_1_774' title='bbox 2614 4018 2644 4044; x_wconf 76' lang='grc' dir='ltr'><strong>τ</strong></span> <span class='ocrx_word' id='word_1_775' title='bbox 2667 3999 2841 4058; x_wconf 83' lang='lat' dir='ltr'><strong>uulg.).</strong></span> <span class='ocrx_word' id='word_1_776' title='bbox 2902 4002 2990 4045; x_wconf 83' lang='lat'><strong>101</strong></span> <span class='ocrx_word' id='word_1_777' title='bbox 3021 4002 3088 4046; x_wconf 69' lang='lat' dir='ltr'><strong>sis</strong></span> <span class='ocrx_word' id='word_1_778' title='bbox 3120 4015 3221 4056; x_wconf 84' lang='lat' dir='ltr'><strong>nos,</strong></span> <span class='ocrx_word' id='word_1_779' title='bbox 3247 4002 3339 4046; x_wconf 74' lang='lat' dir='ltr'><strong>sim</strong></span> <span class='ocrx_word' id='word_1_780' title='bbox 3361 4010 3418 4059; x_wconf 88' lang='grc' dir='ltr'><strong>Ω,</strong></span> <span class='ocrx_word' id='word_1_781' title='bbox 3445 4015 3550 4048; x_wconf 73' lang='lat' dir='ltr'><strong>sum</strong></span> <span class='ocrx_word' id='word_1_782' title='bbox 3572 4003 3842 4062; x_wconf 76' lang='lat' dir='ltr'><strong>nescioquis</strong></span> 
     </span>
     <span class='ocr_line' id='line_1_96' title="bbox 618 4060 2306 4120; baseline -0.001 -12"><span class='ocrx_word' id='word_1_783' title='bbox 618 4076 695 4120; x_wconf 83' lang='lat' dir='ltr'><strong>ap.</strong></span> <span class='ocrx_word' id='word_1_784' title='bbox 722 4062 890 4107; x_wconf 89' lang='lat' dir='ltr'><strong>Burm.</strong></span> <span class='ocrx_word' id='word_1_785' title='bbox 955 4062 1043 4105; x_wconf 75' lang='lat'><strong>102</strong></span> <span class='ocrx_word' id='word_1_786' title='bbox 1063 4062 1316 4108; x_wconf 73' lang='lat' dir='ltr'><strong>uehuntur</strong></span> <span class='ocrx_word' id='word_1_787' title='bbox 1337 4061 1395 4108; x_wconf 93' lang='lat' dir='ltr'><strong>O.</strong></span> <span class='ocrx_word' id='word_1_788' title='bbox 1440 4062 1554 4107; x_wconf 73' lang='lat' dir='ltr'><strong>auis</strong></span> <span class='ocrx_word' id='word_1_789' title='bbox 1576 4060 1766 4116; x_wconf 64' lang='lat' dir='ltr'><strong>Heius„</strong></span> <span class='ocrx_word' id='word_1_790' title='bbox 1791 4061 1936 4118; x_wconf 73' lang='lat' dir='ltr'><strong>aquis</strong></span> <span class='ocrx_word' id='word_1_791' title='bbox 1956 4069 1989 4105; x_wconf 77' lang='grc' dir='ltr'><strong>ο</strong></span> <span class='ocrx_word' id='word_1_792' title='bbox 2008 4060 2070 4116; x_wconf 88' lang='lat' dir='ltr'><strong>N,</strong></span> <span class='ocrx_word' id='word_1_793' title='bbox 2096 4061 2231 4117; x_wconf 72' lang='lat' dir='ltr'><strong>equi-3</strong></span> <span class='ocrx_word' id='word_1_794' title='bbox 2253 4069 2306 4107; x_wconf 87' lang='grc' dir='ltr'><strong>Δ.</strong></span> 
     </span>
    </p>
   </div>
   <div class='ocr_carea' id='block_1_25' title="bbox 4037 3168 4229 3217">
    <p class='ocr_par' dir='ltr' id='par_1_42' title="bbox 4037 3168 4229 3217">
     <span class='ocr_line' id='line_1_97' title="bbox 4037 3168 4229 3217; baseline -0.01 0"><span class='ocrx_word' id='word_1_795' title='bbox 4037 3182 4070 3217; x_wconf 51' lang='grc' dir='ltr'><strong>ί.</strong></span> <span class='ocrx_word' id='word_1_796' title='bbox 4105 3168 4229 3215; x_wconf 55' lang='lat' dir='ltr'><strong>yn„</strong></span> 
     </span>
    </p>
   </div>
  </div>
 </body>
</html>
