4890 6561
954 3339 962 3362 ,
1070 3299 1238 3360 atque
1261 3311 1411 3346 aram
1435 3295 1635 3346 circum
1659 3300 1930 3348 steterunt
1953 3303 2202 3349 armenta
2224 3298 2489 3363 MyroniS,

1062 486 1128 538 26
2131 483 2298 538 SEX.
2348 480 2739 536 PROPERTI
2777 479 2926 534 LIB.
2974 481 3047 534 II
3073 481 3220 549 [III]

1066 649 1226 715 (num
1250 653 1330 712 tu,
1357 649 1513 712 dure,
1534 666 1696 717 paras
1717 650 1983 717 Phrygias
2006 666 2151 702 nunc
2172 650 2252 703 ire
2274 667 2370 718 per
2389 650 2567 703 undas
2719 652 2777 701 et
2800 647 2984 700 creber
3004 648 3244 715 platanis
3265 649 3470 715 pariter
3489 648 3839 716 surgentibus
3860 649 4010 713 orda,

1128 718 1189 765 et
1210 720 1391 781 petere
1418 716 1659 782 Hyrcani
1683 715 1845 767 litora
1870 721 2024 767 muta
2046 716 2248 767 maris?
2561 730 2625 767 20
2784 712 3013 764 flumina
3033 714 3212 780 sopito
3233 730 3481 780 quaeque
3506 715 3733 765 Marone
3756 715 3982 777 cadunt,

1066 778 1450 896 (sparfereqaiff
1474 780 1688 897 alterna
1707 796 2019 897 comm-unge
2041 781 2175 898 caedL
2177 798 2207 832 e
2259 784 2470 911 ›enates
2719 781 2777 829 et
2798 777 3039 893 ¹223ss
3083 778 3813 895 'tglggttgwoffpgtozssgzus
3830 779 3958 830 orbe
4222 792 4278 844 15

1130 860 1160 895 e
1232 861 1349 896 erre
1500 862 1535 896 a
1563 861 1669 896 nos
1727 861 1931 897 raemia
1989 862 2073 897 ira
2141 862 2259 897 ares
3078 860 3098 894 1
3338 860 3374 894 n
3510 860 3538 893 r
3708 860 3728 894 1
3777 860 3993 909 aquam.

1463 862 1498 912 p
1690 861 1725 911 p
2721 906 2797 957 fal
2821 907 2886 968 is,
2913 910 2972 958 et
2994 907 3104 958 ista
3124 908 3210 959 tui
3236 907 3444 959 furtum
3467 909 3563 959 uia
3584 913 3853 959 monstrat
3875 908 4103 960 amoris:

1064 989 1236 1024 unum
1258 978 1578 1025 contentum
1604 974 1809 1050 pudeat
1832 991 1918 1026 me
1940 975 2128 1027 uiuere
2150 975 2366 1027 amica?
2786 987 2894 1023 non
2917 971 3122 1033 urbem,
3149 972 3386 1033 demens,
3414 972 3625 1024 lumina
3646 977 3832 1024 nostra
3853 973 3999 1039 fugis
4017 993 4031 1025 ι

1129 1037 1229 1088 hoc
1252 1038 1299 1089 si
1322 1039 1524 1089 crimen
1548 1044 1672 1102 erit,
1698 1040 1899 1090 crimen
1922 1040 2140 1091 Amoris
2162 1040 2297 1091 erit:
2722 1035 2799 1086 nil
2824 1035 2958 1101 agis,
2984 1036 3213 1087 insidias
3235 1038 3292 1088 in
3316 1053 3403 1088 me
3424 1036 3701 1103 componis
3723 1037 3930 1100 inanes,

1065 1102 1141 1153 mi
1165 1118 1323 1153 nemo
1345 1103 1560 1155 obiciat.
1633 1104 1807 1155 libeat
1829 1104 1947 1165 tibi,
1977 1105 2234 1171 Cynthia,
2262 1119 2474 1156 mecum
2562 1116 2624 1168 25
2786 1100 2968 1151 tendis
2989 1101 3132 1152 iners
3156 1101 3316 1153 docto
3339 1102 3478 1153 retia
3499 1107 3632 1153 nota
3656 1102 3804 1152 mihi.
4210 1117 4274 1154 20

1129 1167 1311 1218 rorida
1334 1169 1593 1219 muscosis
1615 1173 1777 1220 antra
1802 1174 1985 1221 tenere
2007 1170 2167 1235 iugis.
2721 1165 2817 1215 sed
2840 1164 2910 1216 de
2932 1182 3018 1216 me
3040 1166 3221 1216 minus
3242 1170 3326 1217 est
3348 1187 3360 1217 :
3396 1165 3578 1217 famae
3600 1167 3814 1217 iactura
3834 1166 4065 1232 pudicae

1064 1231 1178 1283 illic
1201 1232 1428 1297 aspicies
1450 1232 1685 1299 scopulis
1707 1233 1929 1286 haerere
1952 1250 2157 1285 sorores
2787 1234 2948 1281 tanta
2968 1230 3074 1282 tibi
3098 1231 3342 1292 miserae,
3370 1236 3580 1297 quanta
3603 1235 3858 1292 meretur,
3885 1231 4004 1282 erit.

1130 1300 1189 1347 et
1210 1313 1401 1349 canere
1423 1298 1640 1364 antiqui
1662 1298 1847 1350 dulcia
1866 1299 2018 1350 furta
2042 1299 2205 1361 Iouis,
2723 1310 2895 1360 nuper
2915 1295 3061 1346 enim
3085 1295 3152 1347 de
3177 1301 3232 1347 te
3255 1301 3470 1346 nostras
3490 1295 3638 1346 mala
3660 1295 3788 1346 iecit
3809 1295 3880 1345 ad
3904 1311 4064 1346 aures

1068 1365 1131 1411 ut
1154 1361 1369 1413 Semela
1391 1368 1475 1413 est
1498 1363 1830 1423 combustae,
1858 1368 1924 1415 ut
1946 1370 2031 1415 est
2054 1363 2367 1429 deperditus
2391 1363 2472 1424 Io,
2788 1375 2989 1422 rumor,
3017 1366 3074 1411 et
3096 1360 3152 1411 in
3177 1364 3299 1411 tota
3321 1376 3428 1411 non
3452 1359 3627 1411 bonus
3648 1359 3783 1411 urbe
3804 1359 3927 1411 fuit.

1132 1426 1365 1491 denique
1388 1431 1455 1478 ut
1476 1427 1548 1477 ad
1571 1427 1725 1478 Trois
1748 1433 1897 1479 tecta
1920 1428 2120 1479 uolarit
2144 1429 2278 1479 auis.
2565 1440 2629 1491 30
2728 1427 2741 1452 ‘
2760 1424 2855 1475 sed
2879 1431 2942 1475 tu
2966 1441 3074 1475 non
3097 1424 3260 1476 debes
3283 1424 3536 1476 inimicae
3557 1425 3770 1476 credere
3793 1425 4016 1491 linguae
4035 1444 4051 1476 z
4216 1439 4244 1475 2
4249 1436 4277 1489 5

1066 1506 1165 1541 nec
1188 1496 1254 1541 tu
1275 1492 1578 1557 uirginibus
1601 1493 1908 1544 reuerentia
1932 1492 2165 1544 moueris
2188 1507 2314 1543 ora:
2564 1505 2627 1555 33
2787 1504 2996 1554 semper
3017 1489 3264 1541 formosis
3286 1489 3476 1540 fabula
3497 1505 3671 1555 poena
3691 1489 3839 1540 fuit?

1132 1554 1220 1623 hic
1242 1571 1456 1622 quoque
1480 1572 1587 1606 non
1612 1557 1785 1607 nescit
1806 1557 1938 1623 quid
1962 1558 2036 1608 sit
2059 1574 2242 1608 amare
2265 1557 2478 1618 chorus,
2565 1570 2629 1619 34
2728 1558 2742 1582 ⁶
2762 1569 2869 1604 non
2894 1558 2993 1605 tua
3015 1554 3279 1621 deprenso
3301 1554 3565 1605 damnata
3588 1559 3673 1605 est
3693 1554 3846 1605 fama
3862 1568 4106 1605 ueneno:

1067 1619 1115 1670 si
1137 1624 1324 1670 tamen
1350 1621 1548 1696 Oeagri
1572 1622 1841 1687 quaedam
1866 1638 2169 1688 compressa
2191 1622 2367 1687 figura
2564 1633 2626 1685 35
2789 1618 2946 1669 testis
2969 1619 3074 1670 eris
3097 1634 3277 1684 puras,
3305 1618 3537 1680 Phoebe,
3565 1618 3750 1670 uidere
3772 1635 3983 1670 manus.

1133 1684 1396 1736 Bistoniis
1418 1685 1547 1736 olim
1572 1686 1795 1752 rupibus
1818 1687 2085 1737 accubuit.
2566 1688 2629 1750 36
2723 1681 2808 1732 sin
2831 1688 3015 1734 autem
3039 1683 3201 1749 longo
3224 1699 3332 1734 nox
3356 1700 3467 1734 una
3489 1683 3579 1734 uel
3601 1683 3778 1735 altera
3800 1684 3925 1734 lusu

1067 1749 1213 1815 quod
1236 1749 1284 1800 si
1307 1766 1466 1801 nemo
1488 1755 1644 1801 extat
1666 1751 1762 1816 qui
1784 1751 1978 1802 uicerit
2000 1751 2150 1802 alitis
2172 1767 2342 1813 arma,
2567 1764 2622 1814 31
2786 1753 3108 1813 consumpta
3127 1753 3229 1809 est,
3251 1764 3358 1799 non
3383 1764 3469 1799 me
3491 1748 3719 1799 crimina
3741 1764 3913 1823 parua
3929 1747 4191 1800 mouent!
4214 1761 4279 1813 30

1132 1815 1433 1865 communis
1455 1815 1647 1881 culpae
1663 1832 1759 1866 cur
1779 1832 1905 1867 reus
1922 1832 2064 1867 unus
2191 1822 2255 1868 r?
2565 1829 2628 1879 32
2727 1815 2740 1840 ‘
2761 1811 3030 1877 Tyndaris
3052 1818 3278 1864 externo
3289 1813 3533 1889 patriam
3557 1817 3798 1864 mutauit
3820 1829 4004 1865 amore

1068 1878 1157 1930 hic
1178 1879 1274 1929 ubi
1297 1885 1354 1931 te
1377 1880 1552 1945 prima
1572 1885 1825 1932 statuent
1846 1881 1903 1931 in
1928 1888 2083 1947 parte
2105 1898 2133 1932 c
2174 1896 2348 1944 oreae,
2566 1892 2626 1943 37
2788 1880 2846 1927 et
2868 1877 2985 1928 sine
3008 1877 3224 1929 decreto
3248 1893 3380 1928 uiua
3402 1877 3627 1929 reducta
3648 1877 3871 1929 domum
3894 1883 3994 1928 est.

1135 1948 1191 1995 et
1212 1944 1424 1995 medius
1446 1944 1608 1995 docta
1629 1946 1850 2010 cuspide
1874 1946 2119 1997 Bacchus
2141 1946 2260 2007 erit,
2724 1941 2847 2007 ipsa
2868 1940 3074 2004 Venus,
3101 1942 3357 2018 quamuis
3377 1947 3631 2007 corrupta
3654 1942 3879 1993 libidine
3904 1942 4118 2005 Martis,

1069 2013 1191 2058 tum
1214 2010 1382 2075 capiti
1405 2026 1583 2060 sacros
1607 2011 1785 2074 patiar
1807 2011 2041 2075 pendere
2061 2011 2342 2077 corymbos
2364 2030 2376 2060 :
2789 2022 2886 2056 nec
2907 2006 3088 2057 minus
3108 2023 3168 2058 m
3191 2007 3341 2058 caelo
3362 2023 3576 2073 semper
3597 2006 3827 2057 honesta
3849 2006 3975 2068 fuit,

1133 2089 1261 2124 nam
1285 2074 1400 2126 sine
1425 2078 1480 2126 te
1502 2080 1744 2125 nostrum
1770 2091 1877 2126 non
1900 2075 2053 2127 ualet
2074 2075 2370 2141 ingenium.
2563 2088 2631 2136 40
2725 2071 2978 2136 quamuis
3003 2071 3117 2132 Ida,
3147 2072 3319 2131 Rhea,
3346 2077 3615 2137 pastorem
3639 2071 3788 2122 dicat
3810 2087 4023 2123 amasse
4219 2084 4279 2136 35

2790 2140 2956 2201 atque
2978 2136 3121 2188 inter
3143 2136 3374 2202 pecudes
3397 2135 3711 2187 accubuisse
3733 2135 3909 2187 deam.

1950 2250 1959 2257 ,
2058 2230 2107 2245 κ
2726 2199 2826 2250 hoc
2849 2206 2905 2251 et
2930 2201 3377 2267 Hamadryadum
3401 2200 3670 2267 spectauit
3694 2200 3856 2252 turba
3877 2216 4120 2252 soromm

1560 2277 1753 2327 XXXI
1789 2277 1902 2340 [111
1928 2258 2155 2355 QJSIX]
2180 2252 2225 2297 “4
2791 2264 2963 2341 Sileni
3000 2282 3069 2317 ue
3091 2282 3246 2381 ffinoe
3269 2271 3325 2380 <it
3348 2270 3502 2341 pater
3523 2265 3637 2331 ipse
3659 2265 3825 2380 chzri,
3866 2333 3889 2380 t

1072 2389 1318 2463 Quaeris,
1344 2404 1444 2439 cur
1464 2389 1684 2440 ueniam
1709 2390 1810 2441 tibi
1833 2391 2051 2442 tardior.
2124 2406 2291 2466 aurea
2315 2390 2524 2442 Phoebi
2725 2345 3075 2470 eugalqpugsiut:
3096 2338 3773 2461 exssfflieffiffiffssssffia,
3792 2346 3985 2446 Ἑαζιῖἷ.
4217 2409 4284 2457 40

1134 2460 1373 2519 porticus
1395 2469 1430 2504 a
1452 2470 1650 2519 magno
1669 2454 1897 2505 Caesare
1919 2472 1953 2505 a
2023 2460 2112 2505 rta
2132 2454 2253 2506 fuit.
2726 2474 2799 2509 an
2823 2475 3113 2525 quisquam
3139 2460 3195 2511 in
3220 2464 3379 2511 tanto
3401 2465 3712 2524 stuprorum
3737 2460 3991 2510 examine
4049 2457 4227 2509 uaerit

1070 2523 1228 2593 tanta
1250 2523 1368 2568 erat
1391 2518 1447 2567 in
1472 2519 1702 2584 speciem
1728 2519 1925 2570 Poenis
1986 2520 2162 2585 igesta
2183 2519 2465 2581 columnis,
2796 2527 2810 2549 ‘
2826 2540 2922 2574 cur
2943 2524 3076 2575 haec
3099 2530 3215 2575 tam
3239 2524 3432 2575 diues!
3462 2524 3588 2590 quis
3610 2524 3801 2575 dedit!
3834 2525 3981 2574 unde
4041 2523 4156 2575 edit
4174 2527 4194 2574 2
4212 2523 4225 2544 ‘

1134 2587 1279 2633 mter
1339 2598 1437 2633 uas
1460 2583 1642 2634 Danai
1664 2583 1869 2635 femina
1894 2585 2055 2635 turba
2078 2584 2238 2635 senis.
2725 2603 2759 2638 o
2781 2588 3008 2639 nimium
3033 2593 3218 2639 nostro
3239 2588 3450 2640 felicem
3476 2594 3718 2654 tempore
3737 2589 3987 2650 Romam,

1071 2652 1191 2699 tum
1216 2663 1302 2698 me
1342 2647 1455 2697 ium
1479 2647 1625 2699 claro
1647 2648 1905 2724 surgebat
1927 2666 2194 2701 marmore
2216 2648 2484 2715 templum
2599 2664 2630 2712 9
2790 2653 2838 2703 si
2861 2660 3051 2705 contra
3074 2669 3247 2704 mores
3268 2668 3382 2703 una
3404 2653 3589 2718 puella
3610 2652 3745 2704 facit
3767 2659 3777 2704 !

1135 2717 1191 2763 et
1214 2712 1397 2778 patria
1420 2712 1637 2765 Phoebo
1660 2729 1838 2765 carius
1862 2714 2103 2779 Ortygia.
2320 2760 2329 2783 ἱ
2572 2728 2632 2764 10
2727 2714 2861 2770 haec
2874 2718 3063 2770 eadem
3078 2723 3209 2769 ante
3221 2717 3376 2768 illam
3389 2719 3504 2768 iam
3518 2717 3721 2783 inpune
3734 2721 3792 2769 et
3809 2716 4006 2768 Lesbia
4022 2715 4152 2768 fecit
4171 2736 4184 2768 ε
4217 2729 4281 2781 45

1070 2781 1128 2829 et
1152 2776 1261 2828 duo
1285 2777 1425 2828 Solis
1448 2783 1607 2830 erant
1628 2795 1793 2845 supra
1816 2778 2037 2844 fastigia
2060 2795 2248 2830 currus
2267 2798 2305 2849 ςΔ
2330 2796 2335 2803 ·
2416 2799 2428 2827 ι
2491 2808 2496 2817 ·
2591 2814 2604 2833 «
2789 2799 2933 2859 quae
2954 2783 3219 2859 sequitur,
3240 2788 3387 2834 certe
3409 2788 3493 2834 est
3513 2782 3788 2833 inuidiosa
3808 2782 4007 2832 minus.

1134 2846 1191 2893 et
1215 2841 1429 2902 ualuae,
1458 2843 1652 2907 Libyci
1678 2843 1857 2894 nobile
1880 2844 2061 2895 dentis
2084 2861 2117 2894 0
2156 2861 2237 2905 us,
2340 2838 2365 2884 ἱ)
2400 2825 2427 2879 ²]
2465 2848 2492 2875 ¹³
2542 2870 2550 2883 =
2573 2846 2600 2887 ‘⁸
2638 2846 2662 2863 ⁹
2727 2865 2821 2916 qm
2846 2853 3062 2914 quaerit
3084 2848 3273 2899 Tatios
3297 2852 3511 2898 ueteres
3534 2846 3806 2913 durasque
3829 2846 4078 2909 Sabinas,

1068 2906 1244 2958 altera
1267 2906 1504 2958 deiectos
1528 2908 1754 2959 Parnasi
1778 2909 1982 2960 uertice
2005 2908 2109 2959 Gal
2133 2914 2293 2970 os‚s
2792 2913 2879 2964 hic
2903 2913 3084 2978 posuit
3107 2918 3295 2963 nostra
3316 2928 3488 2978 nuper
3510 2912 3568 2962 in
3591 2912 3724 2963 urbe
3746 2910 3953 2977 pedem.

1133 2971 1309 3022 altera
1330 2972 1609 3023 maerebat
1632 2972 1826 3024 funera
1847 2972 2185 3024 Tantalidos.
2727 2984 2790 3030 tu
2850 2978 2961 3028 rius
2984 2981 3041 3028 et
3063 2975 3261 3028 fluctus
3356 2976 3488 3028 teris
3508 2977 3709 3028 siccare
3731 2976 3967 3027 marinos

1069 3036 1264 3086 deinde
1288 3036 1432 3088 inter
1454 3043 1685 3088 matrem
1708 3037 1842 3088 deus
1863 3038 1979 3103 ipse
2003 3038 2252 3103 interque
2274 3052 2512 3089 sororem
2573 3052 2593 3087 1
2791 2995 2909 3095 alita
2947 3057 3016 3093 ue
3040 3041 3258 3093 mortali
3319 3041 3526 3108 eripere
3548 3045 3698 3093 astra
3717 3057 3904 3102 manu,
4219 3052 4283 3105 50

2574 3117 2592 3153 1

1137 3100 1372 3165 Pythius
1396 3101 1451 3151 in
1475 3101 1639 3167 longa
1660 3102 1902 3153 carmina
1926 3108 2080 3154 ueste
2102 3107 2277 3154 sonat.
2728 3124 2893 3185 quam
2939 3122 3109 3167 acere,
3134 3112 3200 3157 ut
3221 3111 3439 3157 nostrae
3461 3106 3639 3157 nolint
3661 3121 3882 3171 peccare
3906 3103 4137 3171 puellae.

2601 3106 2632 3152 6

1068 3164 1157 3216 hic
1179 3165 1432 3230 equidem
1457 3165 1676 3217 Phoebo
1697 3166 1851 3217 uisus
1872 3167 2007 3218 mihi
2031 3167 2303 3233 pulchrior
2319 3167 2437 3234 ipso
2602 3180 2629 3232 5
2793 3190 2839 3224 ιε
2863 3188 2979 3223 mos
3001 3172 3240 3223 Saturno
3263 3186 3428 3237 regna
3450 3175 3674 3222 tenente
3695 3170 3835 3222 fuit:

1134 3245 1466 3282 marmoreus
1490 3231 1661 3283 tacita
1683 3247 1900 3284 carmen
1924 3232 2076 3284 hiare
2100 3232 2219 3300 lyra
2241 3252 2253 3284 ε
2600 3234 2633 3284 6
2728 3244 2788 3291 at
2809 3254 2933 3290 cum
2957 3236 3307 3289 Deucalionis
3330 3252 3508 3303 aquae
3531 3235 3736 3288 fluxere
3759 3251 3852 3302 per
3873 3234 4075 3297 orbem,

1514 3359 1525 3370 ‚
2602 3312 2629 3362 7
2793 3307 2849 3355 et
2873 3307 2995 3368 post
3016 3302 3275 3369 antiquas
3298 3301 3650 3353 Deucalionis
3672 3317 3861 3367 aquas,

1137 3364 1397 3424 quattuor
1420 3359 1673 3422 artifices,
1701 3360 1894 3411 uiuida
1914 3361 2088 3426 signa,
2116 3361 2299 3413 boues,
2600 3366 2632 3415 8
2728 3368 2816 3419 dic
2839 3366 2991 3427 mihi,
3018 3367 3142 3433 quis
3165 3366 3346 3432 potnit
3367 3367 3570 3418 lectum
3592 3382 3809 3418 seruare
3831 3365 4107 3432 pudicum,
4224 3376 4285 3429 55

1822 3444 1847 3472 t
2793 3447 2934 3497 quae
2958 3431 3062 3482 dea
3082 3447 3204 3481 cum
3230 3430 3345 3481 solo
3365 3431 3557 3482 uiuere
3579 3430 3695 3481 sola
3716 3430 3818 3481 deo
3831 3435 3853 3480 2

2728 3511 2952 3547 uxorem
2975 3494 3249 3571 quondam
3271 3495 3458 3571 magni
3481 3495 3701 3555 Minois,
3727 3502 3795 3547 ut
3816 3495 3994 3558 aiunt,

2793 3565 3034 3626 corrupit
3055 3559 3202 3611 torui
3225 3559 3461 3612 candida
3479 3560 3657 3611 forma
3677 3559 3849 3611 bouis.

1557 3627 1782 3681 XXXII
1815 3629 1928 3694 [III
1961 3629 2149 3695 XXX]
2728 3642 2828 3678 nec
2851 3626 3032 3676 minus
3055 3630 3242 3676 aerato
3265 3625 3456 3676 Danae
3477 3624 3814 3675 circumdata
3834 3640 3991 3675 muro

2793 3706 2901 3741 non
2925 3690 3105 3756 potuit
3127 3705 3325 3755 magno
3346 3694 3502 3741 casta
3524 3705 3723 3755 negare
3749 3689 3905 3740 Ioni!
4222 3689 4288 3738 60

2733 3759 2747 3783 ‘
2764 3755 2910 3822 quod
2933 3754 2982 3806 si
3004 3758 3070 3805 tu
3092 3754 3288 3805 Graias
3308 3770 3618 3830 aequesque
3640 3754 3863 3805 imitata
3887 3752 4134 3815 Latinas,

2792 3835 3004 3886 semper
3025 3817 3155 3871 uiue
3176 3833 3297 3871 meo
3318 3817 3491 3871 libera
3511 3818 3752 3872 iudici0.’

1072 3742 1191 3794 Hoc
1213 3741 1427 3794 utinam
1450 3743 1684 3819 spatiere
1706 3742 1841 3804 loco,
1905 3744 2249 3812 uodcumque
2272 3747 2513 3810 uacabis,

1136 3807 1375 3873 Cynthia
1398 3813 1408 3859 1
1445 3824 1522 3859 sic
1543 3808 1648 3859 tibi
1672 3824 1757 3859 me
1779 3825 1835 3859 cr
1905 3825 1993 3860 ere
2016 3811 2181 3863 turba
2202 3818 2374 3864 uetat.

1071 3872 1168 3939 qui
1190 3872 1360 3933 uidet,
1387 3872 1434 3922 is
1458 3876 1648 3938 peccat
1670 3893 1681 3923 :
1718 3873 1812 3938 qui
1835 3878 1893 3925 te
1916 3890 2025 3925 non
2049 3876 2253 3927 uiderit
2275 3893 2419 3943 ergo,

1134 3952 1245 3987 non
1268 3953 1334 3988 cu
1373 3937 1452 3988 iet
1474 3957 1486 3989 z
1523 3936 1654 3988 facti
1678 3936 1890 3989 lumina
1910 3939 2113 3991 crimen
2137 3939 2357 3992 habent.

2600 3758 2633 3928 ⁸¹⁴oess

1069 4017 1198 4052 nam
1261 4001 1317 4052 ui
1380 4002 1663 4054 Praenesti
1685 4002 1898 4064 dubias,
1925 4021 1958 4054 ο
1981 4004 2239 4070 Cynthia,
2265 4011 2458 4069 sortes,
3184 4023 3443 4075 ΧΧΧῙῙῙ
3477 4023 3587 4087 [111
3622 4023 3839 4086 XXXI]

1137 4066 1234 4131 qui
1293 4066 1435 4132 petis
1458 4066 1629 4118 Aeaei
1653 4068 1868 4119 moenia
1891 4068 2189 4134 Telegoni?

1068 4146 1164 4182 cur
1186 4136 1343 4206 nocte
1370 4130 1699 4183 Herculeum
1721 4131 2013 4208 deportant
2035 4134 2226 4185 esseda
2248 4135 2437 4199 Tibur,
2603 4149 2631 4202 5
2729 4135 2934 4188 Tristia
2953 4134 3064 4187 iam
3088 4133 3321 4186 redeunt
3343 4134 3543 4186 iterum
3564 4133 3852 4185 sollemnia
3871 4132 4027 4185 nobis
4048 4153 4063 4186 ε

1137 4194 1322 4270 Appia
1342 4211 1438 4245 cur
1460 4196 1665 4247 totiens
1688 4202 1745 4247 te
1767 4212 1863 4248 uia
1885 4198 2203 4249 Lanuuium
2221 4204 2242 4250 2
2795 4200 3038 4268 Cynthia
3060 4200 3171 4251 iam
3193 4203 3380 4251 noctes
3402 4206 3490 4250 est
3510 4204 3734 4265 operata
3757 4199 3958 4250 decem.

1071 4275 1168 4310 cur
1190 4258 1345 4309 uidet
1365 4259 1608 4334 accensis
1629 4259 1889 4312 deuotam
1912 4277 2124 4313 currere
2148 4262 2324 4313 taedis
2600 4280 2634 4329 9
2729 4272 2898 4332 atque
2921 4265 3135 4317 utinam
3160 4269 3365 4331 pereat,
3393 4263 3523 4315 Nilo
3543 4278 3686 4330 quae
3708 4279 3863 4315 sacra
3887 4266 4108 4329 tepente

1135 4323 1192 4373 in
1217 4339 1409 4373 nemus
1430 4328 1489 4375 et
1511 4323 1732 4374 Triuiae
1754 4324 1964 4376 lumina
1986 4325 2127 4377 ferre
2150 4325 2320 4378 deae?
2577 4345 2635 4381 ιο
2795 4331 2947 4382 misit
2969 4329 3235 4381 matronis
3260 4328 3477 4380 Inachis
3499 4327 3760 4379 Ausoniis
3786 4333 3796 4379 Ι

1072 4386 1279 4463 scilicet
1302 4386 1569 4438 umbrosis
1585 4387 1775 4464 sordet
1799 4388 2056 4465 Pompeia
2078 4390 2344 4466 columnis
2729 4412 2871 4462 quae
2893 4394 2998 4446 dea
3019 4398 3135 4445 tam
3158 4393 3382 4510 οιιιῦιίὰοε
3406 4393 3608 4444 totiens
3632 4392 3822 4443 diuisit
3845 4396 4130 4444 amantes?
4259 4404 4287 4457 5

1135 4456 1393 4518 porticus,
1421 4451 1630 4504 aulaeis
1651 4452 1850 4504 nobilis
1874 4453 2153 4517 Attalicis,
2796 4474 3172 4526 quaecumque
3198 4458 3210 4470 ‘
3260 4474 3295 4509 a
3315 4457 3442 4520 fnit,
3470 4473 3683 4524 semper
3702 4473 3892 4509 amara
3912 4456 4035 4508 fnit.

1187 4608 1320 4654 m
1338 4610 1487 4655 19-22
1517 4610 1729 4668 Carutti‚
1764 4612 1913 4656 18-20
1933 4612 2138 4658 Housm.
2176 4615 2293 4659 ante
2323 4614 2366 4670 1,
2402 4614 2432 4658 2
2463 4621 2668 4672 ponunt.
2733 4615 2793 4659 1⁹
2824 4629 2958 4661 nunc
2987 4619 3042 4661 tu
3071 4615 3185 4671 (om.
3223 4614 3283 4671 F)
3312 4616 3447 4661 dura
3471 4630 3523 4673 p.
3559 4614 3619 4668 Ο,
3653 4627 3751 4659 non
3775 4613 3914 4669 (num
3933 4628 3966 4658 ιι
3987 4612 4109 4671 mg.)
4128 4618 4292 4660 tamen

1073 4670 1301 4716 inmerito
1320 4670 1369 4716 N
1390 4670 1525 4718 mire.
1579 4671 1640 4714 20
1659 4676 1797 4717 muta
1817 4685 1905 4718 nos
1924 4671 2031 4718 coll.
2057 4672 2171 4719 Seu.
2198 4672 2263 4718 H.
2281 4672 2334 4719 F.
2359 4673 2464 4729 540,
2489 4677 2604 4719 nota
2619 4682 2679 4729 Ω,
2703 4674 2842 4719 nuda
2858 4674 3025 4730 Lach„
3043 4679 3201 4720 nauta
3215 4674 3416 4721 Hertzb.
3470 4675 3528 4718 21
3546 4687 3653 4731 -que
3673 4673 3734 4728 O,
3755 4678 3799 4718 ct
3813 4672 3875 4728 N,
3896 4672 3957 4718 de
3974 4672 4064 4718 hoc
4080 4673 4292 4719 disticho

1073 4729 1153 4774 hic
1183 4728 1343 4775 alieno
1372 4729 1502 4776 conf.
1525 4729 1588 4776 ad
1620 4731 1643 4775 1
1672 4731 1749 4777 22.
1772 4730 1817 4777 8.
1880 4731 1939 4774 28
1969 4745 2025 4790 sq
2060 4764 2072 4777 .
2106 4746 2137 4778 a
2165 4731 2406 4790 prioribus
2435 4733 2684 4791 separauit
2715 4733 2860 4779 Lech.
2905 4747 3010 4778 una
3039 4743 3098 4789 Ω,
3132 4747 3254 4779 corr.
3280 4733 3458 4779 Baehr.
3522 4734 3581 4776 20
3612 4733 3765 4777 tedere
3795 4731 3850 4788 L,
3882 4732 4096 4778 decena-e
4115 4731 4199 4787 Nl,
4233 4733 4293 4778 dc

1072 4801 1180 4844 φερε
1208 4805 1306 4844 μυ.
1370 4789 1431 4833 80
1460 4791 1613 4835 troiae
1642 4798 1702 4845 Ω,
1736 4803 1858 4836 οοιτ.
1893 4790 2042 4836 Rubn
2078 4804 2153 4837 en.
2219 4791 2291 4847 81,
2329 4792 2387 4836 82
2417 4795 2530 4850 post
2562 4792 2620 4835 88
2656 4793 2842 4849 transp.
2884 4792 3092 4838 Rossber
3124 4825 3136 4838 .
3213 4793 3272 4836 88
3291 4792 3490 4848 ,γίρυπκ
3521 4791 3727 4837 Housm.
3793 4791 3849 4834 87
3879 4804 3953 4836 mc
3983 4800 4041 4836 Ω.
4106 4791 4165 4833 88
4194 4793 4293 4836 eris

1074 4846 1327 4904 Rossberg.
1449 4845 1606 4890 ml
1669 4848 1784 4893 riori
1813 4850 2070 4895 continuat
2101 4859 2160 4906 Ω,
2194 4864 2293 4908 sep.
2328 4867 2369 4905 μ
2399 4864 2444 4896 v.
2510 4850 2539 4894 8
2570 4855 2670 4896 tota
2703 4867 2749 4906 τ,
2779 4856 2966 4908 quanta
2996 4851 3097 4896 Bae
3160 4884 3172 4897 .
3217 4851 3397 4896 Poenis
3424 4864 3519 4896 om.
3556 4859 3589 4894 Φ
3606 4850 3669 4895 D.
3713 4849 3942 4894 columbis
3968 4858 4027 4904 Ω,
4060 4862 4182 4894 corr.
4218 4848 4242 4894 f
4261 4863 4292 4893 v

1074 4919 1169 4963 mg.
1233 4907 1263 4950 8
1292 4904 1466 4951 habere
1484 4905 1547 4951 D.
1672 4911 1901 4953 steterant
1922 4917 1958 4953 Δ
1978 4908 2017 4953 L
2033 4908 2095 4954 N.
2161 4908 2190 4951 8
2219 4908 2428 4965 artificis
2448 4918 2507 4955 Ω.
2572 4909 2633 4953 10
2661 4909 2846 4956 clarior
2865 4908 2923 4956 O.
2987 4910 3045 4953 11
3066 4915 3109 4954 et
3140 4913 3399 4966 quo—erat
3421 4918 3480 4965 Ω,
3514 4923 3633 4954 corr.
3659 4906 3858 4953 Hertzb.
3913 4910 4026 4965 post
4045 4907 4104 4950 18
4124 4907 4294 4954 Dousa

1075 4967 1259 5068 {ain-³1).
1270 4965 1373 5065 ἐῶ,
1394 4963 1483 5010 lac.
1506 4964 1702 5010 notauit
1718 4964 1956 5011 Petreius.
2069 4965 2250 5009 mn
2269 4967 2418 5024 priori
2438 4969 2698 5014 continuat
2711 4978 2769 5013 Ω.
2835 4969 2865 5011 2
2884 4969 3095 5014 cn‘mina
3117 4968 3281 5013 lumen
3300 4977 3359 5024 Ω,
3377 4982 3497 5014 corr.
3517 4966 3634 5013 Vat.
3658 4966 3776 5012 3188
3796 4979 3898 5011 uar.
3964 4965 3993 5009 8
4012 4966 4294 5036 Praenestis

1073 5079 1220 5136 aum.-
1239 5079 1263 5125 f
1277 5023 2540 5151 Nw‘x.22:·,2¹f⁰‘÷1,²{·.3t.f⁶i”m‘²‘„wnmf'h'a
2561 5028 3163 5142 mamm,
3188 5026 3421 5131 &Aa
3436 5030 3653 5153 'zm
3672 5025 4078 5152 ...22523ffl‘3'32'5-
4091 5025 4288 5139 ἐὲἓιῖἴζ

1074 5152 1184 5184 eum
1205 5148 1266 5185 Ω.
1328 5139 1388 5182 18
1411 5140 1638 5196 platanus
1656 5144 1773 5210 ante
1802 5142 1922 5187 ereb.
1955 5142 2019 5197 N,
2053 5145 2166 5200 post
2195 5142 2313 5188 ereb.
2340 5152 2394 5198 A,
2515 5147 2541 5189 t
2563 5158 2676 5200 par.
2714 5154 2762 5190 ο.
2807 5144 3089 5200 umentibus
3117 5153 3176 5199 Ω,
3201 5158 3326 5190 corr.
3349 5119 3696 5202 Calphurmus.
3759 5143 3818 5185 18
3845 5146 3940 5187 toto
3970 5142 4161 5199 Heius„
4197 5144 4294 5188 lato

1075 5198 1299 5252 Housm.‚
1324 5201 1424 5242 tota
1439 5206 1498 5245 Ω.
1544 5199 1653 5244 orbe
1674 5200 1863 5256 Heme„
1885 5201 1999 5246 urbe
2018 5210 2075 5247 Ω.
2141 5201 2200 5245 18
2318 5215 2368 5245 m
2439 5215 2615 5258 ousm.,
2635 5215 2744 5248 cum
2758 5212 2817 5248 Ω.
2881 5203 2940 5245 17
2951 5202 3151 5259 falleris
3166 5212 3225 5259 Ω,
3246 5217 3366 5249 οοιτ.
3389 5202 3563 5249 Baehr.
3585 5201 3707 5247 duce
3724 5199 3868 5246 Isach.
3934 5201 3994 5243 22
4013 5203 4214 5247 mereris
4229 5200 4288 5248 O.

1072 5256 1133 5300 28
1151 5260 1343 5302 nostras
1362 5255 1397 5311 f,
1422 5261 1592 5302 nostra
1612 5266 1671 5304 Ω.
1715 5260 1849 5304 mala
1868 5261 1979 5305 iecit
1999 5274 2102 5317 nos,
2126 5273 2199 5306 mc
2257 5259 2410 5316 abdit
2430 5259 2514 5316 (τε
2535 5260 2594 5318 A)
2615 5269 2674 5317 Ω,
2698 5261 2833 5306 mla
2849 5260 2990 5317 fudit
3010 5261 3188 5320 Palm„
3210 5262 3334 5307 male
3353 5263 3482 5307 dixit
3502 5259 3854 5308 Schneidewin.
3898 5273 4023 5305 aare
4042 5259 4097 5306 F.
4161 5261 4221 5303 28
4250 5265 4293 5306 te

1073 5313 1200 5361 Scal.
1266 5314 1323 5358 28
1352 5316 1431 5360 uel
1452 5315 1506 5371 L,
1531 5320 1620 5361 aut
1641 5326 1677 5362 A
1695 5316 1735 5362 F
1752 5317 1814 5363 N.
1857 5319 1982 5363 luxu
2014 5328 2067 5365 A.
2133 5319 2191 5363 82
2280 5323 2407 5365 creto
2435 5333 2576 5365 corru
2612 5322 2735 5376 tum,
2760 5319 2982 5366 dedecore
2999 5322 3321 5366 est—domum
3345 5320 3545 5366 Santen.
3623 5319 3682 5362 88
3711 5320 3940 5375 quamuis
3961 5317 4021 5374 Ο,
4037 5318 4205 5375 fertur
4225 5318 4288 5364 N.

1073 5374 1273 5420 Martis.
1321 5375 1449 5419 uixit
1469 5373 1522 5421 L.
1588 5375 1647 5418 88
1676 5375 1815 5421 Rhea
1845 5389 1947 5432 nos,
1976 5379 2144 5433 parim
2165 5387 2225 5424 Ω.
2290 5379 2348 5421 87
2378 5378 2466 5423 hoc
2497 5388 2534 5425 A
2603 5412 2616 5435 ,
2651 5392 2751 5424 mm
2771 5388 2819 5424 Φ.
2884 5380 2943 5422 88
2971 5381 3102 5425 senis
3120 5389 3179 5424 Ω.
3242 5380 3304 5422 w
3332 5379 3441 5424 Ναί
3470 5378 3669 5434 caduca,
3705 5391 3793 5422 nos
3824 5376 3965 5431 (Ναί,
3991 5377 4097 5423 cad.
4123 5376 4290 5433 Βοιὼ),

1077 5435 1222 5478 naim
1241 5433 1371 5478 dona
1390 5442 1449 5478 Ω.
1512 5433 1573 5477 45
1595 5434 1698 5479 iam
1716 5433 1827 5480 add.
1855 5451 1901 5481 τ.
1965 5436 2026 5479 4⁷
2045 5436 2286 5494 durosque
2306 5436 2510 5484 Sabinos
2530 5446 2589 5493 Ω,
2615 5451 2734 5483 corr.
2762 5437 2931 5484 Heius.
2996 5439 3056 5481 80
3074 5437 3292 5495 deripere
3312 5437 3500 5492 But-m,
3525 5437 3705 5498 deicere
3725 5434 3862 5489 Ellis,
3887 5435 4092 5491 deliqere
4112 5445 4169 5482 Ω.
4234 5436 4295 5480 82

1074 5492 1185 5538 Hls
1205 5491 1259 5547 F,
1295 5492 1395 5538 Hic
1426 5491 1545 5538 LN.
1607 5493 1668 5537 88
1697 5497 1751 5538 at
1778 5492 2060 5551 Beroaldus,
2095 5500 2139 5540 et
2170 5505 2229 5542 Ω.
2292 5495 2354 5539 ⁶4
2382 5497 2581 5552 antiqva·
2607 5495 2881 5543 Markland.
2945 5496 3004 5539 81
3034 5497 3082 5541 si
3107 5505 3167 5552 Ω,
3200 5509 3282 5542 seu
3312 5494 3415 5541 cod.
3442 5495 3579 5541 Pass.
3621 5507 3887 5553 aequaque
3910 5493 4081 5540 Muell.
4106 5494 4295 5551 (aeques

1076 5550 1262 5608 Lach.),
1288 5555 1433 5608 tuque
1452 5564 1500 5597 cs
1521 5560 1554 5595 Φ
1570 5551 1636 5608 N,
1658 5553 1762 5598 siue
1781 5565 1829 5598 cs
1850 5561 1904 5609 A,
1930 5566 2021 5610 que
2040 5567 2087 5600 es
2105 5571 2162 5611 μ,
2188 5553 2305 5602 fort.
2332 5559 2450 5601 tune
2471 5556 2516 5601 is
2535 5555 2748 5602 imitare.
2869 5552 3074 5598 mul
3094 5555 3351 5601 continuat
3370 5554 3519 5613 priori
3539 5554 3603 5600 N.
