4890 6561
1087 490 1153 541 44
2156 486 2326 547 SEX·
2369 485 2760 538 PROPERTJ
2800 485 2948 539 ΜΒ.
2999 484 3090 539 JV
3136 487 3234 551 [V]

1091 655 1258 706 fontis
1280 671 1443 721 egens
1466 671 1584 707 erro
1606 654 1856 721 circaque
1877 653 2132 705 sonantia
2153 652 2410 719 lymphis,
2588 663 2649 717 35

1156 726 1214 771 et
1235 736 1375 771 caua
1397 726 1648 786 succepto
1672 719 1894 771 flumine
1918 719 2101 785 palma
2125 725 2213 770 sat
2236 728 2335 769 est.

1089 785 1392 836 audistisne
1414 785 1673 851 aliquem,
1700 790 1852 850 tergo
1874 784 1969 850 qui
1990 783 2219 836 sustulit
2242 782 2464 833 orbem?

1156 850 1249 901 ille
1271 866 1371 916 ego
1394 866 1547 901 sum:
1585 850 1815 901 Alciden
1842 855 1984 900 terra
2008 854 2223 915 recepta
2240 853 2416 898 uocat.

1091 915 1213 980 quis
1237 914 1385 966 facta
1413 914 1711 966 Herculeae
1735 931 1840 965 non
1865 913 2023 965 audit
2046 913 2210 964 fortia
2232 912 2422 964 clauae

1155 983 1213 1031 et
1235 996 1517 1055 nunquam
1541 979 1611 1030 ad
1637 985 1824 1030 uastas
1848 977 2003 1029 irrita
2025 978 2139 1029 tela
2161 977 2321 1038 feras,
2586 991 2652 1038 40

1090 1049 1257 1111 atque
1281 1061 1377 1095 uni
1401 1045 1624 1112 Stygias
1648 1044 1854 1096 homini
1877 1044 2081 1095 luxisse
2104 1042 2392 1094 tenebras!

1090 1173 1325 1239 angulus
1349 1173 1437 1225 hic
1460 1174 1650 1225 mundi
1674 1190 1818 1225 nunc
1841 1190 1927 1225 me
1952 1189 2072 1224 mea
2094 1171 2213 1224 fata
2235 1171 2547 1223 trahentem
2588 1174 2650 1235 65

1155 1239 1381 1304 accipit:
1419 1239 1552 1290 haec
1575 1239 1717 1290 fesso
1739 1239 1835 1289 uix
1859 1238 1993 1289 mihi
2017 1244 2160 1289 terra
2183 1243 2351 1303 patet.
2588 1238 2652 1286 66

1091 1304 1235 1370 quod
1258 1304 1306 1354 si
1333 1305 1528 1355 Iunoni
1550 1320 1761 1355 sacrum
1786 1302 2034 1355 faceretis
2058 1318 2293 1362 amarae,
2587 1316 2651 1365 43

1157 1385 1264 1419 non
1287 1368 1572 1420 clausisset
1595 1385 1767 1435 aquas
1791 1369 1909 1434 ipsa
1931 1384 2165 1419 nouerca
2187 1383 2329 1418 suas.

1090 1433 1174 1484 sin
1199 1434 1441 1500 aliquam
1467 1434 1762 1500 uultusque
1788 1450 1939 1485 meus
1961 1440 2255 1498 saetaeque
2278 1431 2449 1483 leonis
2586 1443 2649 1496 45

1157 1504 1363 1550 terrent
1387 1504 1443 1550 et
1467 1499 1671 1566 Libyco
1693 1499 1805 1549 sole
1828 1504 2049 1565 perusta
2072 1513 2243 1559 coma,

1090 1562 1234 1614 idem
1257 1580 1357 1629 ego
1381 1564 1606 1615 Sidonia
1627 1564 1728 1615 feci
1752 1563 1973 1614 seruilia
1995 1562 2144 1628 palla

1155 1629 1331 1680 officia
1354 1636 1410 1679 et
1435 1628 1587 1694 Lydo
1611 1645 1778 1694 pensa
1800 1628 1997 1679 diurna
2019 1628 2135 1678 colo
2159 1645 2173 1687 3

1089 1693 1266 1744 mollis
1289 1699 1346 1744 et
1369 1694 1638 1744 hirsutum
1664 1693 1806 1759 cepit
1830 1692 1961 1744 mihi
1985 1692 2157 1743 fascia
2179 1694 2385 1758 pectuS,

1155 1764 1211 1808 et
1237 1758 1485 1809 manibus
1509 1758 1658 1809 duris
1682 1764 1816 1824 apta
1839 1757 2022 1823 puella
2044 1757 2156 1808 fui.'
2588 1766 2651 1819 50

1089 1822 1293 1873 talibus
1317 1823 1537 1874 Alcides
1557 1843 1571 1884 3
1606 1827 1666 1874 at
1691 1823 1893 1873 talibus
1916 1822 2064 1873 alma
2086 1820 2350 1882 sacerdos,

1154 1888 1381 1953 puniceo
1403 1905 1567 1939 canas
1590 1889 1826 1939 stamine
1850 1888 2037 1938 uincta
2058 1903 2239 1937 comas
2262 1906 2274 1937 ε

1092 1956 1106 1979 ‘
1126 1969 1283 2019 parce
1307 1953 1493 2014 oculiS,
1522 1953 1731 2019 hospes,
1760 1952 1990 2028 lucoque
2011 1952 2239 2003 abscede
2264 1949 2499 2001 uerendo
2522 1969 2533 2002 ε

1152 2018 1281 2068 cede
1303 2018 1535 2083 agedum
1561 2026 1618 2069 et
1643 2024 1766 2069 tuta
1790 2018 1980 2068 limina
2001 2017 2189 2083 linque
2212 2016 2344 2082 fuga

1087 2081 1379 2134 interdicta
1402 2084 1549 2134 uiris.
1622 2082 1917 2133 metuenda
1941 2081 2058 2147 lege
2082 2081 2281 2147 piatur,
2586 2091 2645 2144 55

1064 2185 1073 2191 .
1151 2164 1295 2214 quae
1317 2164 1375 2198 se
1392 2152 1665 2198 summota
1689 2148 1935 2198 uindicat
1958 2163 2054 2197 ara
2076 2162 2217 2197 casa.

1087 2228 1285 2277 magno
1307 2213 1541 2263 Tiresias
1565 2213 1780 2281 aspexit
1804 2211 2033 2263 Pallada
2055 2216 2229 2271 uates,

1151 2277 1317 2328 fortia
1338 2278 1467 2328 dum
1493 2278 1672 2354 posita
1693 2280 1939 2343 Gorgone
1964 2276 2204 2327 membra
2227 2276 2394 2326 lauat.

1084 2340 1141 2392 di
1165 2342 1267 2392 tibi
1290 2342 1421 2393 dent
1443 2342 1579 2393 ahos
1602 2342 1780 2393 fontes
1802 2363 1814 2393 :
1852 2341 1985 2392 haec
2009 2339 2231 2427 lympha
2254 2338 2451 2406 puellis

1149 2407 1281 2457 auia
1303 2408 1495 2458 secreti
1519 2407 1709 2458 limitis
1731 2422 1845 2457 una
1867 2405 2012 2456 fluit.
2581 2405 2648 2455 60

1083 2471 1160 2522 sic
1183 2487 1351 2523 anus:
1389 2471 1483 2523 ille
1505 2472 1706 2522 umeris
1730 2475 1909 2537 postes
1932 2470 2205 2521 concussit
2226 2485 2439 2535 opacos,

1149 2552 1248 2587 nec
1270 2537 1407 2587 tulit
1429 2536 1625 2588 iratam
1651 2536 1819 2587 ianua
1840 2535 2028 2586 clausa
2050 2534 2215 2586 sitim.

1083 2608 1143 2651 at
1166 2605 1451 2668 postquam
1476 2600 1746 2652 exhausto
1768 2601 1876 2651 iam
1902 2599 2124 2651 flumine
2148 2599 2355 2650 uicerat
2378 2604 2610 2661 aestum,

1148 2666 1302 2731 ponit
1325 2666 1419 2717 uix
1444 2666 1599 2717 siccis
1624 2665 1805 2717 tristia
1826 2666 1947 2716 iura
1970 2664 2168 2715 labris:

1087 2734 1101 2758 ‘
1122 2731 1363 2782 maxima
1386 2747 1526 2797 quae
1549 2731 1802 2797 gregibus
1825 2731 2028 2781 deuota
2049 2735 2133 2781 est
2155 2744 2252 2780 ara
2274 2728 2519 2795 repertis,
2578 2731 2642 2791 67

1147 2812 1244 2847 ara
1267 2813 1360 2862 per
1382 2795 1482 2846 has
1501 2796 1513 2818 ’
1537 2796 1718 2862 inquit
1745 2801 1758 2823 ‘
1775 2795 2017 2846 maxima
2038 2794 2187 2845 facta
2208 2810 2420 2853 manus,

1082 2860 1215 2911 haec
1239 2860 1406 2911 nullis
1430 2877 1690 2926 umquam
1713 2864 1903 2927 pateat
1926 2858 2237 2910 ueneranda
2261 2858 2475 2924 puellm,

1148 2926 1401 2977 Herculis
1424 2932 1706 2977 aeternum
1732 2942 1830 2977 nec
1854 2925 1927 2975 sit
1950 2923 2129 2975 inulta
2151 2923 2309 2975 sitis!
2579 2935 2642 2986 70

1081 2990 1244 3052 hunc,
1296 2988 1516 3041 uoniam
1528 2989 2080 3056 manibuspurgatum
2091 2988 2555 3050 sanxeratorbem,
2580 3001 2642 3052 73

1146 3055 1224 3106 sic
1287 3062 1507 3106 anctum
1533 3055 1726 3106 Tatiae
1750 3071 2094 3121 composuere
2118 3054 2302 3106 Cures.
2581 3066 2644 3116 74

1081 3119 1280 3171 Sancte
1305 3125 1460 3186 pater
1481 3119 1649 3180 salue,
1678 3120 1767 3171 cui
1791 3119 1900 3171 iarn
1923 3119 2077 3170 fauet
2100 3134 2292 3184 aspera
2316 3118 2487 3170 Iuno:
2580 3130 2635 3181 71

1147 3185 1363 3247 Sancte,
1392 3186 1529 3236 uelis
1553 3185 1691 3236 libro
1712 3184 1906 3237 dexter
1927 3184 2103 3236 inesse
2126 3200 2260 3236 meo,
2580 3195 2641 3246 72

1828 3394 1882 3446 X

1081 3509 1244 3560 Nunc
1267 3508 1415 3560 Iouis
1439 3507 1693 3575 incipiam
1718 3524 1913 3560 causas
1934 3508 2141 3575 aperire
2164 3507 2373 3559 Feretri

1144 3590 1406 3640 armaque
1428 3574 1496 3625 de
1519 3574 1750 3625 ducibus
1772 3574 1920 3625 trina
1941 3579 2160 3650 recepta
2181 3573 2374 3625 tribus.

1080 3655 1337 3704 magnum
1362 3639 1468 3690 iter
1487 3639 1739 3700 ascendo,
1766 3638 1863 3690 sed
1886 3639 1984 3690 dat
2008 3639 2142 3690 mihi
2164 3638 2338 3703 gloria
2360 3637 2506 3690 uires
2528 3658 2540 3691 :

1145 3720 1252 3754 non
1277 3704 1438 3756 iuuat
1460 3721 1490 3755 e
1513 3703 1661 3755 facili
1686 3704 1830 3755 lecta
1850 3720 2046 3754 corona
2068 3704 2210 3818 ἱιιῗο.

1079 3768 1262 3820 inbuis
1284 3769 1593 3834 exemplum
1619 3769 1824 3834 primae
1848 3772 1927 3831 tu,
1957 3769 2131 3819 Romu
2157 3785 2205 3830 e,
2304 3767 2448 3819 lmae
2611 3780 2638 3834 5

1144 3833 1324 3894 huiuS,
1352 3839 1409 3885 et
1432 3834 1634 3885 exuuio
1658 3833 1849 3900 plenus
1874 3833 1944 3884 ab
1968 3833 2126 3884 hoste
2148 3849 2174 3883 r
2245 3848 2308 3893 is,

1077 3904 1320 3965 tempore
1343 3915 1452 3964 quo
1475 3904 1659 3965 portas
1684 3899 1985 3950 Caeninum
2009 3899 2225 3949 Acrona
2247 3902 2524 3964 petentem

1144 3964 1320 4014 uictor
1342 3964 1397 4014 in
1423 3980 1672 4015 euersum
1696 3963 1916 4030 cuspide
1939 3963 2125 4014 fundis
2147 3979 2365 4029 equum.

1079 4029 1260 4080 Acron
1287 4027 1589 4081 Herculeus
1613 4028 1856 4080 Caenina
1879 4028 2070 4079 ductor
2092 4028 2166 4079 ab
2186 4044 2325 4087 arce,

1145 4093 1335 4153 Roma,
1364 4094 1475 4144 tuis
1498 4092 1772 4161 quondam
1798 4093 1996 4144 finibus
2020 4093 2205 4144 horror
2226 4097 2359 4143 erat.
2583 4107 2643 4144 10

1078 4157 1167 4209 hic
1190 4158 1362 4224 spolia
1384 4175 1452 4209 ex
1475 4159 1676 4209 unieris
1701 4174 1867 4209 ausus
1888 4175 2103 4234 sperare
2126 4157 2342 4220 Quirini

1144 4223 1258 4288 ipse
1280 4222 1450 4283 dedit,
1477 4223 1572 4274 sed
1598 4239 1703 4273 non
1728 4239 1993 4287 sanguine
2016 4223 2161 4274 sicca
2181 4238 2294 4273 sno.

1077 4287 1223 4339 hunc
1246 4287 1400 4339 uidet
1422 4293 1553 4339 ante
1577 4304 1741 4338 cauas
1766 4288 2057 4339 librantem
2080 4287 2290 4354 spicula
2312 4290 2489 4338 turres

1143 4352 1411 4403 Romulus
1433 4359 1489 4403 et
1514 4352 1660 4403 notis
1684 4358 1911 4428 occupat
1933 4357 2065 4404 ante
2088 4353 2222 4403 ratis
2245 4372 2257 4404 ε

1081 4420 1095 4444 ‘
1115 4417 1376 4483 Iuppiter,
1404 4417 1537 4469 haec
1559 4416 1719 4468 hodie
1744 4416 1844 4467 tibi
1870 4417 2095 4469 uictMa
2116 4420 2331 4468 corruet
2353 4416 2574 4468 Acron.'

2816 656 3062 728 uouerat,
3089 656 3146 704 et
3168 653 3401 720 spolium
3423 655 3626 708 corruit
3648 656 3741 708 ille
3766 657 3900 709 Ioui.
4254 662 4312 711 16

2752 716 2901 767 urbis
2924 723 3304 785 uirtutumque
3399 735 3520 771 rens
3542 721 3619 772 sic
3644 722 3857 773 uincere
3879 723 4079 785 sueuit,

2817 781 2912 847 qui
2935 781 3066 833 tulit
3089 799 3124 834 a
3146 800 3306 849 parco
3327 736 3397 835 fg
3439 785 3529 836 'da
3550 793 3731 838 castra
3755 788 3908 838 Lare.

2751 846 2896 897 idem
2919 863 3102 913 eques,
3128 865 3172 924 e·
3182 848 3347 900 frenis
3371 801 3514 901 idem
3539 850 3645 902 fuit
3666 858 3830 917 aptus
3852 853 4066 915 aratris,

2816 928 2916 963 nec
2938 912 3097 978 galea
3119 912 3331 965 hirsuta
3352 926 3570 981 compta
3593 916 3783 982 lupina
3804 917 3950 969 iuba.
4242 935 4308 971 20

2753 976 2901 1043 picta
2924 993 2992 1027 ne
3033 994 3100 1028 ue
3123 978 3349 1030 inducto
3371 979 3621 1045 fulgebat
3643 997 3832 1047 parma
3855 998 4058 1049 pyropo
4080 1003 4092 1035 :

2819 1042 3013 1107 praebe
3051 1049 3149 1094 ant
3171 1044 3316 1095 caesi
3341 1044 3526 1096 baltea
3547 1045 3700 1097 lenta
3721 1046 3904 1097 boues.

2754 1106 2983 1157 necdum
3006 1107 3155 1160 ultra
3178 1108 3417 1160 Tiberim
3433 1108 3561 1160 belli
3578 1127 3742 1161 sonus
3763 1131 3776 1171 ;
3800 1112 3998 1163 ultima
4013 1113 4214 1178 praeda
4245 1126 4305 1179 25

2820 1171 3152 1223 Nomentum
3177 1179 3233 1224 et
3255 1180 3449 1240 captae
3472 1175 3660 1240 iugera
3683 1182 3839 1227 terna
3863 1177 4048 1228 Corae.
4244 1183 4308 1230 26

2753 1236 2952 1287 Cossus
2975 1243 3035 1287 at
3057 1237 3142 1288 ins
3213 1237 3365 1289 uitur
3389 1239 3635 1291 Veientis
3656 1241 3822 1292 caede
3846 1242 4118 1305 Tolumni,
4244 1259 4273 1293 2
4279 1259 4308 1307 3

2816 1301 3033 1353 uincere
3056 1319 3179 1353 cum
3257 1304 3367 1354 eios
3391 1320 3545 1370 posse
3570 1305 3767 1356 laboris
3788 1311 3920 1359 erat.
4243 1324 4308 1370 24

2753 1365 2879 1427 heu,
2909 1367 3011 1418 Vei
3035 1372 3266 1428 ueteres,
3293 1375 3349 1420 et
3373 1385 3470 1419 uos
3495 1375 3611 1420 tum
3637 1386 3803 1435 regna
3826 1371 4026 1434 fuistiS,
4244 1387 4305 1436 27

2817 1437 2875 1483 et
2899 1437 3079 1483 uestro
3104 1432 3279 1498 posita
3302 1439 3387 1484 est
3411 1449 3578 1485 aurea
3600 1434 3737 1486 sella
3759 1435 3904 1487 foro:

2751 1512 2896 1548 nunc
2919 1497 3066 1548 intra
3089 1514 3269 1548 muros
3293 1500 3524 1564 pastoris
3549 1499 3746 1551 bucina
3769 1500 3904 1553 lenti

2815 1567 3024 1623 cantat,
3051 1570 3110 1614 et
3134 1564 3188 1613 in
3215 1563 3412 1614 uestris
3433 1563 3645 1615 ossibus
3668 1581 3806 1616 ama
3829 1571 4059 1618 metunt.
4247 1581 4313 1632 30

2751 1625 2891 1677 forte
2915 1644 3076 1693 super
3100 1635 3286 1693 portae
3310 1628 3421 1679 dux
3450 1628 3617 1680 Veius
3639 1630 3821 1681 astitit
3835 1648 4021 1682 arcem

2816 1691 3254 1758 colloquiumque
3278 1709 3379 1744 sua
3400 1692 3575 1745 fretus
3597 1694 3668 1745 ab
3692 1696 3825 1746 urbe
3847 1695 3999 1747 dedit
4023 1717 4034 1747 :

2751 1756 2990 1833 dumque
3013 1757 3153 1808 aries
3178 1773 3392 1808 murum
3417 1774 3583 1809 cornu
3608 1759 3864 1825 pulsabat
3887 1760 4079 1823 aheno,

2752 1822 3797 1941 0022222‘33ffissfffflssssxssffissssssffffzss
3811 1841 3963 1941 ‘3¹33’
4012 1890 4046 1940 a
4235 1902 4295 1956 3⁵

2813 1967 2912 2002 nec
2936 1967 3087 2002 mora
3112 1952 3190 2011 lit,
3219 1951 3381 2018 plano
3404 1953 3552 2005 sistit
3575 1959 3804 2020 uterque
3966 1972 4072 2007 um.

2750 2016 2808 2066 di
2832 2016 3019 2067 Latias
3042 2017 3227 2067 iuuere
3250 2033 3462 2078 manus,
3489 2018 3710 2070 desecta
3731 2019 3987 2071 Tolumni

2814 2081 2998 2131 ceruix
3022 2082 3296 2132 Romanos
3318 2082 3582 2148 sanguine
3607 2083 3748 2134 lauit
3771 2101 3952 2150 equos.

2751 2144 3016 2197 Claudius
3039 2162 3074 2197 a
3096 2146 3287 2197 Rheno
3311 2147 3564 2198 traiectos
3586 2148 3762 2199 arcuit
3786 2149 3987 2211 hostes,

2817 2210 3036 2275 Belgica
3057 2211 3146 2261 cui
3170 2212 3315 2262 uasti
3341 2228 3528 2277 parma
3549 2212 3724 2264 relata
3747 2213 3901 2265 ducis
4240 2231 4307 2278 40

2751 2274 3071 2327 Virdomari.
3133 2292 3305 2341 genus
3327 2276 3416 2327 hic
3441 2277 3631 2328 Rheno
3653 2278 3899 2330 iactabat
3921 2278 3992 2329 ab
4014 2279 4147 2345 ipsc,

2814 2340 3028 2391 mobilis
3051 2357 3081 2391 e
3104 2341 3264 2391 rectis
3287 2340 3512 2394 fundere
3533 2359 3700 2408 gaesa
3721 2344 3869 2394 rotis.

2746 2404 2846 2465 illi,
2877 2411 2937 2456 ut
2960 2405 3187 2471 uirgatis
3210 2405 3453 2457 iaculans
3475 2407 3521 2457 it
3543 2407 3615 2458 ab
3636 2408 3852 2473 agmine
3871 2408 4062 2469 bracis,

2814 2471 3021 2536 torquis
3045 2470 3117 2521 ab
3139 2470 3312 2521 incisa
3333 2471 3538 2523 decidit
3560 2489 3702 2523 unca
3721 2472 3867 2537 gula.

2748 2534 2881 2586 haec
2904 2534 3079 2601 spolia
3099 2535 3156 2586 in
3182 2536 3385 2601 templo
3409 2537 3514 2587 tria
3537 2538 3789 2589 condita:
3826 2553 3994 2589 causa
4017 2538 4243 2599 Feretri,

2812 2600 2991 2652 omine
3014 2600 3158 2666 quod
3183 2607 3331 2651 certo
3353 2601 3465 2651 dux
3490 2601 3616 2653 ferit
3639 2618 3767 2653 ense
3789 2602 3980 2654 ducem
4004 2623 4018 2663 ;
4236 2606 4302 2668 46

2747 2681 2842 2715 seu
2867 2665 2997 2730 quia
3019 2665 3170 2717 uicta
3189 2664 3304 2715 suis
3329 2667 3528 2717 umeris
3551 2665 3658 2717 huc
3680 2684 3834 2718 arma
3856 2667 4121 2729 ferebant,

2812 2730 2937 2781 hinc
2964 2729 3170 2782 Feretri
3192 2729 3343 2782 dicta
3364 2737 3448 2783 est
3470 2748 3567 2783 ara
3588 2732 3824 2798 superba
3849 2733 4012 2784 Ionia.

3479 2938 3562 2989 x1
3611 2920 3662 2992 A

2743 3052 2964 3111 Desine,
2994 3051 3182 3112 Paule,
3209 3069 3388 3103 meum
3416 3051 3656 3104 lacrimis
3680 3069 3870 3119 urgere
3892 3053 4237 3120 sepulchrum
4263 3075 4276 3106 ε

2806 3117 3068 3182 panditur
3089 3117 3159 3168 ad
3185 3116 3366 3169 nullas
3388 3117 3557 3169 ianua
3578 3118 3634 3168 ni
3758 3135 3952 3184 preces.

2741 3198 2862 3233 cum
2889 3182 3053 3233 semel
3078 3181 3318 3234 infernas
3342 3182 3617 3234 intrarunt
3665 3200 3833 3235 unera
3856 3184 4017 3249 leges,

2806 3247 3023 3299 obserat
3047 3248 3324 3299 umbrosos
3348 3247 3527 3300 lurida
3550 3255 3706 3314 porta
3730 3249 3887 3300 locos.

2742 3319 2876 3364 uota
2897 3319 3120 3365 mouent
3142 3329 3363 3378 superos
3386 3334 3397 3365 z
3435 3312 3530 3365 ubi
3553 3314 3784 3380 portitor
3804 3330 3934 3365 aera
3956 3315 4173 3381 recepit,

2740 3394 2999 3494 tell'ethe
3023 3385 3162 3494 tuni:³
3172 3377 3422 3493 lacfrimas
3446 3378 3608 3493 ljtora
3629 3379 3798 3494 suci-‘dai
3820 3379 4022 3494 billient.

2843 3459 2922 3493 lce
2973 3459 3104 3494 oran
3165 3459 3218 3493 m
3266 3459 3427 3494 uscae
3487 3460 3583 3494 eus
3607 3460 3678 3494 au
3719 3460 3773 3494 ia
3820 3460 3855 3495 a
3917 3460 3981 3496 ae

2804 3524 2911 3558 non
2937 3512 3163 3559 exorato
3183 3511 3338 3559 stant
3360 3508 3653 3560 adamante
3676 3508 3814 3560 uiae.
3984 3483 3998 3506 ’

2739 3572 2817 3623 sic
2841 3578 3083 3624 maestae
3104 3573 3343 3624 cecinere
3367 3572 3550 3634 tubae,
3578 3590 3701 3624 cum
3724 3573 3945 3624 subdita
3968 3578 4212 3626 nostrum
4264 3591 4296 3640 9

2805 3637 3117 3689 detraheret
3140 3637 3280 3688 lecto
3302 3636 3397 3688 fax
3421 3637 3643 3689 inimica
3665 3643 3844 3704 caput.
4238 3655 4299 3691 10

2738 3702 2871 3769 quid
2894 3702 3029 3753 mihi
3050 3702 3360 3768 coniugium
3387 3702 3563 3763 Pauli,
3590 3703 3721 3769 quid
3744 3719 3930 3754 currus
3952 3720 4182 3755 auorum

2805 3767 3009 3833 profuit
3031 3771 3131 3843 aut
3153 3766 3334 3818 famae
3345 3767 3583 3883 ¹pignora
3606 3773 3764 3819 tanta
3786 3774 3973 3820 meae?

2740 3848 2872 3883 num
2896 3832 3077 3883 minus
3103 3832 3321 3883 inmites
3365 3848 3418 3883 ia
3455 3832 3539 3883 uit
3564 3832 3814 3885 Cornelia
3843 3833 4054 3894 Parcas,

2805 3901 2861 3948 et
2883 3914 3022 3958 sum,
3049 3897 3194 3963 quod
3217 3896 3406 3962 digitis
3428 3898 3671 3963 quinque
3695 3898 3926 3958 leuatur,
3953 3904 4126 3951 onus?

2740 3961 3035 4013 damnatae
3059 3967 3221 4013 testes
3242 3968 3298 4013 et
3322 3978 3420 4012 uos
3444 3963 3588 4014 uada
3612 3961 3764 4014 lenta
3858 3963 4030 4025 ludes,
4237 3977 4294 4030 15

2805 4031 2865 4078 et
2886 4043 3263 4093 quaecumque
3282 4043 3428 4078 meos
3450 4027 3677 4093 inplicat
3700 4043 3774 4077 un
3815 4044 3850 4078 a
3872 4028 4053 4094 pedes,

2738 4091 3036 4142 immatura
3057 4091 3204 4153 licet,
3232 4096 3414 4142 tamen
3439 4090 3545 4142 huc
3568 4108 3675 4143 non
3701 4093 3865 4144 noxia
3887 4092 4016 4144 ueni
4040 4113 4052 4144 ε
4235 4106 4292 4157 17

2804 4157 3014 4222 turpior
3035 4172 3250 4208 assessu
3275 4172 3382 4207 non
3406 4157 3512 4208 erit
3536 4156 3650 4208 ulla
3674 4173 3810 4218 meo,
4229 4171 4294 4224 50

2738 4221 2828 4273 uel
2853 4226 2933 4281 tu,
2962 4237 3102 4297 quae
3127 4220 3341 4272 tardam
3368 4222 3594 4273 mouisti
3619 4221 3750 4273 fune
3775 4221 4049 4288 Cybeben,

2805 4286 3055 4347 Claudia,
3083 4286 3315 4337 turritae
3338 4302 3462 4337 rara
3482 4287 3737 4338 ministra
3757 4287 3909 4348 deae,

2737 4350 2828 4402 uel
2851 4351 2956 4411 cui,
2985 4367 3137 4402 sacra
3158 4367 3285 4402 suos
3308 4368 3429 4402 cum
3461 4351 3628 4402 Vesta
3651 4358 3949 4417 reposceret
3973 4352 4142 4416 ignea,

2802 4415 3053 4467 exhibuit
3077 4415 3234 4467 uiuos
3255 4416 3512 4467 carbasus
3534 4416 3661 4468 alba
3683 4416 3843 4469 focos.
4231 4430 4294 4483 54

4264 3329 4298 3573 *2110*ss
4265 3200 4297 3301 ωω

1195 4583 1264 4627 ῙΧ
1290 4585 1352 4627 40
1382 4590 1552 4631 uastae
1583 4601 1630 4639 τ,
1663 4590 1808 4632 natas
1837 4595 1886 4641 ο,
1922 4589 2067 4630 natas
2096 4585 2159 4641 N,
2196 4597 2382 4630 uacuas
2412 4593 2451 4630 Δ
2483 4582 2614 4629 unde
2646 4583 2832 4630 Santen
2865 4583 2993 4629 male
3023 4597 3214 4630 nocuas.
3278 4585 3339 4628 42
3368 4583 3446 4640 (=
3465 4585 3523 4629 ⁶6
3554 4585 3648 4631 nisi
3666 4584 3796 4644 quod
3817 4585 3896 4631 hic
3916 4585 3980 4642 Ο)
4000 4584 4294 4644 expulerunt

1078 4643 1209 4690 Itali.

1074 4703 1250 4761 interp.
1288 4702 1401 4749 Schi

1076 4822 1239 4866 adesse
1259 4821 1367 4867 Par.
1393 4822 1523 4867 7989.
1589 4822 1649 4865 74
1675 4822 1889 4869 Sancum
1924 4821 2093 4867 Heius.

1069 4953 1222 4997 parco
1242 4939 1410 4995 Jacob,
1435 4953 1579 4996 porco
1599 4949 1657 4985 Ω.

1074 5003 1219 5055 capta
1251 4998 1369 5044 FN.
1415 5003 1546 5043 terra
1580 5008 1637 5044 Ω.
1694 4999 1753 5041 27
1788 4999 1882 5044 heu
1912 4997 2238 5055 Luetjohann,

1074 5058 1334 5103 Romuleas
1369 5057 1409 5103 F
1441 5057 1561 5102 mire
1593 5057 1688 5102 nisi
1722 5056 1852 5103 forte
1884 5057 2137 5102 Romuleos
2170 5057 2221 5101 in

1273 4647 1385 4702 post
1416 4643 1464 4690 h.
1500 4659 1549 4690 u.
1586 4644 1659 4700 6⁶,
1697 4645 1755 4689 66
1785 4647 1970 4703 transp.
2006 4644 2173 4690 Jacob.
2236 4645 2297 4688 43
2327 4644 2452 4701 quid
2472 4653 2526 4689 Δ.
2589 4643 2649 4686 w
2669 4643 2880 4700 aliquem
2902 4653 2938 4688 Δ
2957 4643 3074 4712 ⁸LN.
3138 4644 3198 4687 52
3224 4645 3394 4689 iuncta
3414 4653 3450 4713 ρ
3470 4644 3584 4690 LN.
3648 4645 3921 4714 &lumina
3941 4644 3998 4690 Ο.
4063 4646 4123 4688 ⁶6
4142 4646 4287 4691 uiris.

1076 4776 1210 4807 mum
1231 4762 1339 4808 p...
1365 4703 2249 4819 7833‘3?2ff{’553..fiz?.“.3;¹.¹.⁸·1,‚⁶m⁷
2139 4699 3210 4815 '‘wfflxffzsssssfflft‘ffizffx·
3237 4703 3538 4819 ξιῖῗῗῖζὲι
3556 4704 3626 4806 ἶέ
3636 4703 4294 4820 ιῖωῗῗέἒῐιὲἕὲἓῖίῗῗᾱ

2216 4820 2262 4864 X
2288 4820 2436 4879 priori
2467 4820 2724 4866 continuat
2753 4820 2816 4866 N.
2880 4821 2910 4863 5
2945 4820 3041 4866 inb.
3083 4834 3184 4876 nos,
3209 4820 3319 4866 imb.
3346 4821 3408 4877 N,
3434 4821 3538 4867 ind.
3575 4821 3632 4867 O.
3697 4822 3726 4865 6
3755 4823 3929 4866 nimio
3950 4820 4006 4876 F,
4029 4823 4205 4867 eoeut'uo
4224 4822 4288 4877 N,

1074 4879 1243 4926 malim
1279 4885 1434 4926 auto.
1499 4881 1528 4924 7
1562 4880 1764 4926 Acrona
1793 4880 1924 4935 Itali,
1958 4885 2160 4926 acroma
2191 4890 2249 4926 Ω.
2314 4881 2457 4925 Gneo
2488 4893 2684 4925 uersum
2714 4888 2774 4935 Ω,
2809 4893 2930 4925 corr.
2966 4893 3012 4925 v.
3088 4880 3148 4922 14
3176 4885 3307 4924 rates
3337 4889 3395 4925 Ω.
3471 4881 3530 4924 17
3559 4881 3664 4925 airt
3825 4914 3836 4926 .
3872 4889 3922 4933 ο,
3958 4881 3998 4913 ·’
4051 4914 4062 4925 .
4156 4914 4168 4926 .

1723 4940 1781 4984 19
1802 4954 1826 4985 e
1846 4938 1945 4996 (uel
1965 4938 2016 4995 a)
2038 4953 2140 4994 nos,
2165 4944 2210 4984 et
2230 4949 2287 4985 Ω.
2352 4939 2414 4982 20
2442 4952 2529 4984 nec
2549 4938 2774 4993 Housm„
2799 4942 2842 4982 ct
2863 4947 2920 4983 Ω.
2984 4938 3058 4991 25,
3082 4938 3142 4981 m
3161 4942 3278 4984 ante
3299 4938 3358 4981 23
3377 4941 3514 4984 trans
3587 4938 3740 4993 Pasa,
3765 4953 3790 4984 c
3817 4973 3828 4985 .
3853 4939 3915 4984 ad
3938 4938 3980 4984 1.
4004 4939 4167 4985 33-38.
4232 4940 4292 4983 m

2304 4997 2389 5050 .N‚
2424 5012 2449 5043 e
2479 4998 2554 5053 Fl,
2589 5001 2632 5042 et
2664 5007 2716 5042 Δ.
2783 4997 2843 5040 34
2867 4997 3053 5051 revehat
3074 4997 3184 5043 AF.
3250 4998 3308 5040 ³5
3330 4995 3481 5054 sortis
3509 4953 3562 5042 ΕΙ

2351 5055 2503 5102 fuisse
2537 5054 2810 5101 credideris.
2891 5056 2948 5099 39
2985 5055 3098 5101 fort.
3139 5055 3390 5110 Rhodano,
3431 5055 3493 5102 cf.
3534 5055 3700 5115 Polyb.
3735 5056 3787 5102 11
3821 5056 3893 5102 34.
3926 5057 3957 5102 2
3988 5056 4292 5110 (Eridanum

3977 4894 4052 4937 ια]
4105 4880 4153 4925 N
4233 4881 4293 4924 18

3550 4973 3783 5043 'arkland.
3849 4999 3907 5042 38
3922 4998 4087 5052 arada
4109 5007 4167 5044 Ω.
4232 4999 4291 5042 37

1075 5115 1334 5173 Guyetus).
1398 5117 1460 5159 40
1486 5117 1567 5162 cui
1598 5116 1837 5174 Guyetus,
1862 5130 1971 5162 cum
1992 5125 2049 5161 Ω.
2112 5116 2172 5158 41
2201 5115 2478 5160 Virtomane·
2505 5113 2566 5160 ab
2588 5124 2646 5171 Ω,
2671 5117 2729 5160 ut
2749 5113 2869 5168 uid.,
2894 5114 3132 5159 traditum
3154 5128 3272 5160 corr.
3299 5114 3429 5161 Itali.
3476 5114 3672 5161 Brenno
3694 5132 3741 5161 τ.
3803 5116 3864 5159 42
3894 5115 4069 5160 nobilis
4091 5131 4122 5159 τ
4153 5116 4286 5173 uulg.

1073 5175 1159 5220 sed
1187 5175 1248 5220 cf.
1278 5174 1447 5220 Heius.
1473 5174 1678 5221 Aduers.

1073 5234 1337 5290 (ιἀσιιὶαπιι·
1367 5238 1424 5279 ut
1458 5232 1641 5289 Lech).

1798 5234 1911 5279 haee
1947 5233 1994 5278 D
2016 5234 2056 5288 (2
2072 5232 2174 5289 Vl),
2212 5247 2294 5278 nec
2325 5242 2375 5287 ο,
2412 5246 2543 5277 nunc
2575 5232 2636 5277 N.
2699 5233 2759 5275 4⁶
2791 5233 2996 5277 crimine
3027 5231 3085 5278 Ο.

1074 5293 1223 5395 Ψίοτί
1245 5293 1306 5338 N.
1373 5293 1416 5345 3,
1441 5293 1501 5347 8;
1531 5293 1575 5348 5,
1599 5293 1631 5335 4
1659 5292 1771 5349 (hoc
1802 5290 2139 5350 Peerlkamp);
2170 5293 2213 5348 7,
2250 5292 2278 5335 8
2308 5290 2559 5336 ordinauit
2591 5289 2815 5336 Ribbeck.
2881 5291 2911 5334 8
2939 5291 3157 5336 herboso-s
3186 5300 3219 5336 Φ
3238 5291 3298 5337 N.
3344 5292 3466 5337 locos
3495 5291 3768 5347 Markland,
3803 5305 3939 5348 royac

1748 5210 1759 5220 .
1785 5175 1859 5221 28.
1904 5189 1929 5220 e
1959 5176 2100 5220 rectis
2131 5174 2285 5229 Pasa,
2310 5175 2456 5220 erecti
2476 5173 2538 5229 N,
2564 5172 2714 5228 effecti
2733 5173 2791 5227 O,
2817 5172 2930 5218 fort.
2957 5187 2982 5218 e
3002 5172 3160 5228 fian.
3223 5175 3284 5218 43
3313 5179 3370 5219 ut
3400 5173 3511 5220 add.
3538 5188 3639 5220 nos.
3685 5175 3951 5220 madanti-s
3972 5183 4030 5230 Ω,
4056 5188 4176 5220 corr.
4203 5189 4290 5220 nos

3942 5231 4011 5276 11
4031 5234 4290 5280 continuat

3969 5301 4027 5337 Ω.
4093 5293 4152 5336 13
4181 5306 4290 5338 mm

3149 5233 3210 5276 47
3241 5232 3333 5278 huc
3367 5231 3604 5287 Broulrh„
3627 5233 3742 5279 haec
3762 5242 3819 5278 Ω.

1179 5365 1277 5397 non
1307 5351 1434 5397 DN.
1511 5351 1571 5394 14
1599 5365 1658 5396 en
1690 5367 1737 5397 τ.
1783 5352 1973 5408 leyawr
2005 5360 2063 5397 Ω.
2140 5351 2199 5394 15
2234 5355 2368 5395 testes
2402 5350 2629 5405 Housm„
2665 5354 2821 5394 noctes
2856 5358 2913 5395 Ω.
2992 5350 3054 5395 ad
3092 5363 3174 5394 uu.
3207 5351 3368 5405 17-78,
3409 5350 3686 5408 deperditos
3716 5351 3766 5396 in
3798 5351 3860 5406 N,
3885 5349 4172 5396 adhibemus
4205 5370 4246 5408 μ
4266 5369 4290 5396 υ

1095 5408 1457 5466 Ωτ-Δθμυ).

1536 5410 1715 5454 17-100
1753 5410 1822 5456 sic
1862 5409 2194 5455 ordinauimua
2236 5409 2308 5464 1⁹1,
2348 5409 2512 5464 iso-54,
2552 5409 2624 5462 10,
2662 5409 2734 5462 20,
2768 5409 2842 5463 49,
2879 5409 2938 5452 18
2967 5407 3133 5463 (47-54

1097 5468 1402 5527 Peerlkamp)
1452 5469 1614 5524 33-42,
1647 5469 1797 5512 47-48
1827 5467 2073 5525 (Peerlk.),
2107 5468 2270 5521 4³46,
2304 5468 2468 5523 56-62,
2502 5467 2649 5511 97-oe
2669 5466 2922 5524 (Carutti),
2955 5466 3137 5523 66-88(
3195 5467 3389 5524 ousm.),
3414 5469 3530 5512 9⁹-1

3261 5412 3285 5454 t
3325 5409 3382 5454 18
3423 5412 3560 5455 trans
3597 5444 3608 5455 .
3655 5409 3899 5465 Bonam),
3938 5410 4101 5463 21-32,
4140 5410 4291 5453 48-44

3610 5467 3694 5524 (id.
3705 5466 3735 5523 ),
3761 5467 4176 5525 73-74(Ροει·11ς.),
4201 5470 4289 5512 83-

1073 5530 1135 5572 ⁶4
1168 5503 1435 5584 (nouam),
1467 5528 1629 5584 ‘es-oe,
1663 5528 1825 5584 cavo,
1860 5528 2021 5584 οτ-ω,
2059 5527 2206 5572 n-vn
2226 5525 2460 5584 (amhn).
2525 5528 2585 5570 uo
2604 5525 2838 5584 aunem
2862 5536 2921 5574 Ω.
2975 5527 3034 5570 ω
3055 5527 3254 5573 Gaudia
3276 5527 3320 5574 o
3333 5544 3390 5584 μ.
3445 5528 3504 5571 ⁶³
3523 5527 3602 5573 ιωι
3622 5529 3763 5574 cuius
3783 5541 3918 5574 ram
3938 5526 4086 5586 (uuo,
4104 5546 4147 5585 μ
4163 5527 4206 5584 υ)
4227 5537 4286 5584 n,

1074 5601 1194 5634 corr.
1222 5585 1397 5634 Baehr-
