4890 6561
1548 526 1715 580 SEX.
1764 523 2155 581 PROPERTI
2195 524 2538 579 CYNTHIA
2585 526 2755 590 [ΗΒ.
2802 527 2859 591 I]
3744 534 3806 585 13

635 703 695 745 et
718 709 858 759 quae
882 692 1078 745 deinde
1101 709 1253 744 meus
1277 690 1438 751 celat,
1464 691 1653 751 amice,
1682 691 1871 757 pudor.

570 773 678 809 non
703 775 802 824 ego
824 758 1138 825 complexus
1161 757 1315 823 potui
1339 756 1594 807 diducere
1617 763 1827 807 uestros
1848 776 1860 808 ε

638 829 828 874 tantus
851 829 971 874 erat
994 823 1215 874 demens
1238 822 1381 873 inter
1403 829 1661 887 utrosque
1684 821 1849 871 furor.
2068 834 2133 871 20

570 903 678 938 non
704 888 781 939 sic
806 888 1111 939 Haemonio
1134 885 1450 938 Salmonida
1474 886 1679 936 mixtus
1704 886 1911 952 Enipeo

638 953 939 1005 Taenarius
962 952 1111 1003 facili
1172 952 1332 1002 ressit
1353 967 1536 1002 amore
1559 950 1711 1010 deus,

570 1032 670 1069 nec
693 1018 771 1068 sic
793 1016 1083 1068 caelestem
1147 1033 1344 1081 agrans
1367 1032 1518 1066 amor
1544 1015 1793 1067 Herculis
1818 1014 2012 1066 Heben

635 1083 808 1133 sensit
830 1082 902 1133 ab
925 1083 1143 1133 Oetaeis
1166 1081 1370 1157 gaudia
1392 1081 1566 1146 prima
1586 1080 1746 1145 iugis.

570 1163 684 1198 una
705 1147 821 1198 dies
845 1147 1019 1197 omnis
1042 1151 1222 1213 potuit
1245 1160 1587 1212 praecurrere
1609 1161 1852 1196 amores:
2069 1159 2098 1196 2
2103 1155 2131 1209 5

637 1228 764 1262 nam
791 1211 891 1263 tibi
918 1228 1025 1262 non
1050 1211 1262 1278 tepidas
1284 1210 1532 1261 subdidit
1553 1209 1652 1260 illa
1672 1210 1836 1271 facee,

571 1291 670 1329 nec
693 1277 796 1328 tibi
822 1277 1141 1343 praeteritos
1163 1292 1324 1341 passa
1346 1282 1430 1325 est
1452 1274 1737 1326 succedere
1760 1275 1955 1336 fastus,

636 1358 734 1393 nec
758 1341 902 1393 sinet
924 1341 1154 1392 abduci:
1191 1346 1246 1391 te
1269 1346 1401 1391 tuus
1423 1340 1584 1390 ardor
1605 1345 1748 1405 aget.

571 1421 669 1459 nec
692 1406 909 1467 mirum,
936 1422 1060 1457 cum
1086 1405 1160 1457 sit
1184 1406 1314 1457 Ioue
1337 1405 1504 1471 digna
1525 1411 1584 1455 et
1607 1405 1854 1469 proxima
1877 1404 2057 1455 Ledae

637 1477 692 1522 et
718 1471 895 1522 Ledae
955 1476 1080 1522 artu
1104 1470 1328 1536 gratior,
1356 1485 1469 1520 una
1491 1469 1684 1533 tribus,
2070 1483 2134 1533 30

571 1535 670 1588 illa
691 1535 765 1586 sit
790 1537 920 1586 lnac
961 1536 1027 1586 iis
1051 1542 1107 1586 et
1132 1534 1380 1586 blandior
1403 1533 1657 1595 heminis,

580 1602 585 1605 “
637 1600 736 1652 illa
758 1601 871 1652 suis
894 1601 1077 1652 uerbis
1100 1606 1259 1665 cogat
1283 1615 1468 1650 amare
1494 1600 1699 1651 Iouem.

571 1670 636 1717 tu
661 1681 805 1726 uero,
833 1665 1091 1732 quoniam
1116 1664 1282 1716 semel
1306 1681 1364 1715 es
1389 1664 1679 1730 periturus,
1707 1679 1891 1715 amore

637 1736 790 1781 utere
811 1751 823 1781 z
861 1747 967 1780 non
992 1730 1101 1780 alio
1123 1729 1312 1780 limine
1336 1729 1531 1794 dignus
1557 1744 1692 1779 eraS.

570 1795 665 1861 qui
690 1794 794 1846 tibi
817 1795 889 1845 sit
913 1794 1046 1845 felix
1070 1795 1328 1860 quoniam
1353 1810 1530 1844 nouus
1553 1792 1748 1843 incidit
1770 1808 1948 1854 error;
2072 1803 2132 1857 35

636 1864 693 1911 et
716 1865 1083 1929 quotcumque
1107 1859 1276 1921 uoles,
1303 1874 1415 1910 una
1436 1858 1509 1909 sit
1531 1858 1641 1910 ista
1665 1857 1783 1911 tibi.

1279 2089 1419 2143 XIV

573 2220 657 2271 Tu
680 2217 809 2270 licet
831 2218 1078 2270 abiectus
1101 2218 1359 2270 Tiberina
1382 2216 1620 2268 molliter
1643 2215 1793 2268 unda

640 2284 836 2336 Lesbia
860 2285 1143 2335 Mentoreo
1167 2284 1299 2333 uina
1323 2282 1477 2333 biba-s
1500 2298 1674 2347 opere,

572 2354 629 2409 et
654 2350 812 2401 modo
837 2353 951 2400 tam
974 2348 1172 2399 celerae
1197 2347 1405 2398 mireris
1428 2363 1641 2398 currere
1666 2346 1855 2397 lintres
1868 2354 2089 2407 431„aess

636 2420 695 2465 et
718 2414 877 2464 modo
902 2419 1013 2464 tam
1040 2413 1225 2464 tardas
1249 2412 1471 2463 funibus
1495 2412 1573 2463 ire
1598 2413 1777 2470 rates-3

571 2484 629 2531 et
652 2495 843 2530 nemus
866 2496 1024 2531 omne
1047 2483 1197 2528 satas
1221 2477 1473 2528 intendat
1498 2476 1700 2528 uertice
1723 2475 1910 2539 siluaS,
2103 2488 2132 2543 5

530 2563 546 2582 ¹
638 2560 704 2594 ur
740 2549 863 2595 etur
885 2543 1107 2619 quantis
1133 2540 1409 2593 Caucasus
1433 2541 1713 2591 arboribus
1734 2561 1745 2591 :

573 2624 680 2659 non
731 2625 889 2660 anien
913 2614 1023 2659 ista
1046 2624 1165 2659 meo
1188 2606 1411 2658 ualeant
1434 2605 1757 2657 contendere
1781 2605 1949 2656 amori
1974 2626 1986 2665 ς

639 2674 811 2724 nescit
835 2675 1005 2724 Amor
1027 2672 1239 2738 magnis
1263 2672 1453 2723 cedere
1475 2671 1701 2722 diuitiis.

571 2754 700 2789 nam
723 2740 841 2789 siue
864 2743 1110 2803 optatam
1136 2753 1346 2787 meeum
1371 2735 1543 2787 trahit
1566 2735 1663 2787 illa
1684 2735 1943 2802 quietem,
1962 2728 2012 2783 A.
2028 2742 2120 2770 Μ)

636 2820 734 2854 seu
757 2802 904 2854 facili
929 2809 1107 2853 totum
1132 2801 1282 2853 ducit
1307 2804 1486 2852 amore
1511 2800 1673 2860 diem,
2075 2814 2135 2852 10

572 2873 691 2919 tum
718 2868 852 2919 mihi
878 2866 1084 2918 Pactoli
1107 2867 1340 2917 ueniunt
1363 2866 1465 2916 sub
1491 2870 1635 2917 tecta
1660 2864 1697 2914 li
1737 2881 1912 2929 nores,

635 2939 691 2984 et
714 2933 916 3008 legitur
939 2931 1114 2983 rubris
1138 2947 1353 2997 gemma
1375 2929 1479 2981 sub
1501 2946 1722 2996 aequori
1740 2946 1827 2980 >us
1848 2950 1859 2981 ε

571 3003 691 3057 tum
716 2998 849 3048 m1hi
873 3013 1118 3058 cessuros
1139 2996 1407 3061 spondent
1432 3011 1554 3046 mea
1575 2994 1777 3059 gaudia
1800 3011 1984 3060 reges:

637 3079 778 3129 quae
803 3069 1080 3123 maneant,
1107 3061 1237 3111 dum
1263 3077 1348 3111 me
1372 3060 1489 3110 fata
1513 3059 1687 3125 perire
1710 3059 1914 3112 uolent.

571 3143 698 3178 nam
760 3127 845 3178 uis
868 3127 1079 3177 diuitiis
1103 3126 1333 3177 aduerso
1355 3124 1559 3190 gaudet
1584 3125 1817 3181 Amore?
2074 3136 2130 3193 15

634 3192 729 3243 nul
753 3208 787 3243 a
809 3192 945 3242 mihi
969 3191 1115 3243 tristi
1177 3190 1379 3241 raemia
1403 3190 1516 3240 sint
1542 3190 1767 3240 Venere.

570 3256 668 3310 illa
761 3261 871 3309 test
893 3273 1121 3323 magnas
1183 3272 1368 3307 eroum
1393 3254 1684 3320 infringere
1708 3253 1869 3320 uires,

635 3323 675 3374 il
699 3339 734 3374 a
755 3324 923 3374 etiam
947 3322 1097 3373 duris
1121 3321 1398 3372 mentibus
1421 3337 1538 3371 esse
1561 3319 1727 3373 dolor.

570 3386 667 3438 illa
690 3404 865 3463 neque
889 3387 1155 3438 Arabium
1178 3386 1378 3437 metuit
1403 3384 1779 3436 transcendere
1801 3384 1985 3448 limen,

635 3469 734 3503 nec
757 3458 916 3504 timet
939 3452 1162 3520 ostrinO,
1190 3451 1366 3511 Tulle,
1394 3450 1576 3501 subire
1601 3454 1718 3500 toro
1756 3436 1921 3498 Ᾱωίλι
2068 3464 2132 3501 20

569 3522 627 3570 et
650 3518 907 3568 miserum
931 3521 1048 3568 toto
1071 3516 1324 3567 iuuenem
1350 3531 1566 3566 uersare
1589 3514 1756 3565 cubili
1777 3535 1791 3568 ε

635 3582 769 3647 quid
793 3581 1039 3634 releuant
1063 3581 1231 3631 uariis
1254 3580 1426 3631 serica
1450 3579 1771 3631 textilibus?

569 3663 710 3714 quae
734 3647 867 3712 mihi
891 3646 1020 3697 dum
1047 3646 1265 3720 placata
1287 3644 1481 3704 aderit,
1510 3660 1615 3694 non
1642 3644 1757 3696 ulla
1778 3642 2005 3696 uerebor

635 3728 803 3778 regna
825 3711 914 3776 uel
936 3711 1156 3764 Alcinoi
1177 3725 1407 3762 munera
1429 3709 1718 3775 despicere,

1300 3931 1413 3989 XV

569 4067 741 4133 Saepe
764 4082 864 4132 ego
887 4065 1065 4117 multa
1086 4070 1217 4117 tuae
1238 4064 1486 4116 leuitatis
1510 4065 1648 4115 dura
1670 4064 1950 4125 timebam,

633 4133 735 4183 hac
757 4137 942 4184 tamen
968 4135 1213 4196 excepta,
1243 4130 1500 4197 Cynthia,
1529 4129 1768 4195 pertidia.

568 4198 747 4264 aspice
771 4214 857 4249 me
880 4202 1086 4263 quanto
1111 4196 1288 4261 rapiat
1310 4195 1535 4245 fortuna
1558 4195 1786 4260 periclo:

634 4272 696 4313 tu
721 4268 905 4313 tamen
930 4261 987 4314 in
1011 4267 1194 4311 nostro
1218 4259 1369 4311 lenta
1391 4260 1585 4311 timore
1611 4260 1782 4320 uenis,

569 4323 624 4379 et
648 4333 801 4393 potes
823 4323 1104 4376 hesternos
1128 4323 1381 4375 manibus
1404 4341 1520 4374 com
1595 4340 1721 4376 nere
1744 4324 1919 4375 crines
2100 4336 2127 4390 5

632 4398 689 4443 et
713 4391 876 4456 longa
898 4390 1092 4441 faciem
1117 4405 1374 4455 quaerere
1397 4389 1511 4439 (lesi
1552 4389 1663 4449 ia(
1698 4403 1725 4424 <=
1816 4397 1819 4402 “
1863 4412 1868 4422 ·
2006 4403 2009 4408 ⁴

568 4473 666 4508 nec
689 4455 870 4506 minus
898 4456 1023 4506 Eois
1046 4460 1234 4521 pectus
1260 4454 1472 4504 uariare
1497 4452 1715 4519 lapillis,

634 4527 699 4572 ut
722 4520 956 4570 formosa
980 4535 1122 4570 nouo
1145 4535 1286 4584 quae
1310 4525 1468 4585 parat
1492 4518 1568 4570 ire
1591 4518 1725 4570 uiro.

567 4592 632 4638 at
652 4602 760 4636 non
785 4586 861 4636 sic
888 4584 1062 4636 Ithaci
1086 4584 1333 4649 digressu
1358 4589 1508 4634 mota
1531 4583 1766 4650 Calypso

631 4650 858 4702 desertis
881 4649 1011 4700 olim
1037 4648 1264 4700 fleuerat
1287 4647 1614 4714 aequoribus
1635 4669 1647 4699 z
2071 4663 2130 4700 10

567 4716 771 4766 multos
794 4714 892 4765 illa
915 4715 1031 4765 dies
1054 4713 1343 4778 incomptis
1369 4719 1577 4764 maesta
1599 4712 1812 4779 capillis

632 4780 866 4838 sederat,
895 4779 1100 4830 iniusto
1125 4778 1301 4829 multa
1324 4778 1508 4829 locuta
1528 4778 1660 4839 sa10,

566 4850 623 4897 et
685 4846 900 4896 uamuis
922 4859 1222 4909 numquam
1248 4849 1371 4908 post
1393 4842 1526 4894 haec
1550 4843 1737 4894 uisura
1758 4841 1980 4894 dolebat

631 4910 650 4961 i
696 4926 731 4961 a
752 4917 937 4961 tamen
960 4909 1156 4974 longae
1179 4908 1394 4959 conscia
1418 4907 1677 4959 laetitiae.

567 4987 665 5028 nec
689 4975 766 5026 sic
790 4973 1101 5025 Aesoniden
1126 4973 1465 5039 rapientibus
1488 4972 1656 5023 anxia
1677 4971 1858 5023 uentis
2071 4985 2127 5037 17

574 5107 581 5112 ·
635 5039 939 5108 Hypsipyle
962 5054 1138 5092 uacuo
1159 5037 1412 5089 constitit
1433 5038 1491 5088 in
1517 5036 1791 5090 thalamo:

2239 689 2544 756 Hypsipyle
2568 690 2747 742 nullos
2771 697 2893 756 post
2915 690 3038 742 illos
3061 691 3232 743 sensit
3254 704 3481 756 amon-est,

2298 762 2363 806 ut
2385 755 2553 806 semel
2579 756 2881 806 Haemonio
2903 757 3086 823 tay-buit
3109 757 3358 823 hospitio.
3400 764 3598 799 a÷1‹‘‹“⁴¹
3730 774 3798 811 20

2233 819 2600 885 Alphesiboea
2623 837 2748 871 suos
2772 821 2892 872 ulta
2914 829 2999 871 est
3021 838 3117 887 pro
3139 823 3368 889 coniuge
3390 823 3602 885 fratres,
3737 839 3754 875 ι
3767 838 3794 890 5

2297 885 2580 949 sanguinis
2603 892 2659 936 et
2682 885 2792 936 cari
2816 886 3038 936 uincula
3062 887 3210 952 rupit
3233 903 3398 939 amor.
3737 893 3798 942 16

2233 950 2477 1025 conjugis
2504 950 2731 1001 Euadne
2755 951 2976 1001 miseros
3000 951 3186 1002 delata
3209 969 3302 1017 per
3326 952 3479 1021 ignes
3731 969 3787 1005 21

2298 1015 2513 1075 occidit,
2541 1015 2784 1080 Argiuae
2807 1015 2955 1066 fama
2979 1017 3290 1081 pudicitiae.

2233 1095 2463 1144 quarum
2488 1080 2643 1130 nulla
2667 1086 2788 1131 tuos
2813 1081 2991 1145 potuit
3014 1089 3327 1133 conuertere
3351 1099 3541 1144 morea,

2300 1150 2362 1195 tu
2387 1161 2603 1211 quoque
2627 1144 2712 1196 uti
2737 1145 2889 1196 fieres
2912 1145 3109 1197 nobilis
3132 1145 3377 1201 historia.

2235 1271 2437 1323 Desine
2461 1274 2571 1324 iam
2596 1289 2845 1325 reuocare
2867 1275 2979 1326 tuis
3007 1275 3245 1341 periuria
3268 1276 3466 1339 uerbis,
3734 1294 3762 1328 2
3769 1291 3795 1343 5

2302 1337 2560 1402 Cynthia,
2589 1345 2646 1390 et
2668 1339 2864 1392 oblitos
2890 1356 3047 1405 parce
3071 1357 3288 1392 mouere
3312 1341 3441 1392 deos

2234 1401 2417 1453 audax
2442 1418 2477 1452 a
2500 1404 2748 1463 nimium,
2777 1410 2961 1454 nostro
2985 1404 3223 1455 dolitura
3248 1406 3462 1472 pericle,

2300 1466 2345 1516 si
2389 1466 2481 1517 uid
2506 1468 2645 1519 forte
2671 1469 2771 1519 tibi
2794 1469 2983 1520 durius
3007 1470 3273 1521 inciderit.
3373 1526 3382 1531 „

2236 1532 2361 1596 (nul
2387 1548 2421 1582 a
2444 1533 2593 1597 prius
2616 1538 2776 1583 uasto
2801 1534 3053 1585 labentur
3075 1524 3507 1600 fluminass-‘ffontm

2300 1612 2479 1647 annus
2502 1604 2559 1648 et
2581 1598 2824 1649 inuersas
2847 1599 3065 1649 duxerit
3087 1604 3217 1649 ante
3243 1600 3405 1661 uices,
3568 1619 3572 1623 ’
3732 1617 3797 1666 30

2235 1677 2400 1727 quam
2427 1668 2525 1712 tua
2548 1664 2652 1714 sub
2674 1669 2859 1713 nostro
2882 1669 3126 1715 mutetur
3247 1670 3364 1715 tore
3386 1681 3547 1717 cura:

2301 1726 2376 1776 sis
2435 1727 2778 1793 uodcumque
2801 1727 2969 1789 uoles,
2997 1745 3105 1778 non
3128 1746 3162 1779 a
3185 1730 3309 1780 iena
3333 1731 3570 1795 tamen.)

2237 1795 2353 1841 tam
2378 1796 2421 1842 t1
2464 1792 2480 1842 i
2506 1809 2572 1843 ne
2597 1793 2734 1843 uiles
2757 1793 2850 1844 isti
2877 1794 3170 1844 uideantur
3194 1793 3369 1855 ocelli,

2302 1872 2396 1921 per
2416 1874 2552 1922 quos
2576 1874 2736 1923 saepe
2759 1858 2893 1908 mihi
2915 1858 3122 1909 credita
3145 1859 3368 1925 perfidia
3391 1865 3474 1912 est
3496 1865 3506 1914 2

2236 1919 2335 1973 hos
2358 1927 2423 1971 tu
2444 1922 2680 1981 iurabas,
2707 1923 2888 1998 siquid
2911 1923 3148 1974 mentita
3169 1924 3380 1985 fuisseS,
3736 1938 3794 1992 35

2303 1990 2367 2036 ut
2391 1986 2493 2036 tibi
2516 1988 2811 2052 suppositis
2834 1988 3146 2039 exciderent
3169 1989 3452 2041 manibus:

2237 2056 2296 2102 et
2318 2056 2506 2101 contra
2528 2068 2786 2117 magnum
2812 2058 2964 2118 potes
2988 2053 3084 2103 hos
3106 2053 3358 2105 attollere
3381 2055 3567 2115 solem,

2303 2131 2401 2166 nec
2427 2117 2613 2167 tremis
2636 2117 2906 2168 admissae
2929 2117 3143 2169 conseia
3165 2119 3478 2185 nequitiae?

2238 2180 2359 2246 quis
2385 2186 2441 2232 te
2464 2181 2693 2246 cogebat
2717 2182 2916 2232 multos
2940 2181 3142 2247 pallere
3165 2183 3366 2235 colores

2302 2252 2360 2296 et
2386 2245 2574 2297 fletum
2599 2247 2791 2297 inuitis
2813 2247 3009 2298 ducere
3033 2246 3367 2299 luminibus?
3728 2265 3794 2312 40

2236 2310 2359 2375 quis
2382 2327 2483 2375 ego
2506 2327 2651 2361 nunc
2675 2328 2831 2376 pereo
2853 2311 3056 2362 similes
3079 2313 3384 2363 moniturus
3407 2320 3660 2365 amantes

2308 2380 2320 2403 ‘
2338 2391 2370 2425 0
2394 2375 2561 2426 nullis
2584 2381 2767 2426 tutum
2793 2377 3007 2428 credere
3032 2376 3316 2429 blanditiis
3335 2385 3349 2432 1
3371 2379 3382 2400 ’

2438 2459 2520 2479 Λύ

2634 2464 2670 2502 I,

2954 2584 3094 2636 XVI

2237 2698 2389 2761 Quae
2412 2698 2623 2750 fueram
2648 2699 2860 2765 magnis
2883 2699 3012 2750 olim
3038 2700 3314 2775 patefacta
3337 2701 3646 2769 triumphis,

2300 2763 2469 2814 ianua
2492 2763 2755 2829 Tarpeiae
2779 2770 2909 2814 nota
2932 2765 3246 2829 pudicitiae,

2234 2828 2390 2879 cuius
2413 2827 2656 2880 inaurati
2679 2828 3020 2880 celebrarunt
3042 2829 3235 2880 limina
3257 2846 3461 2893 currus,

2252 2916 2263 2923 -
2298 2900 2581 2958 captorum
2605 2894 2843 2944 lacrimis
2866 2894 3053 2945 umida
3074 2894 3425 2960 supplicibus,

2234 2974 2378 3009 nunc
2401 2974 2518 3023 eg0‚
2547 2960 2822 3009 nocturnis
2847 2964 3096 3024 potorum
3120 2960 3306 3010 saucia
3330 2960 3482 3021 rixis,
3763 2974 3791 3028 5

2299 3022 2519 3088 pulsata
2542 3023 2781 3089 indignis
2804 3039 2965 3089 saepe
2988 3040 3182 3090 queror
3204 3025 3473 3087 manibus,

2234 3091 2290 3139 et
2314 3088 2449 3138 mihi
2471 3104 2579 3139 non
2605 3088 2803 3139 desunt
2826 3095 3012 3155 turpes
3035 3089 3268 3155 pendere
3291 3089 3526 3143 corollae
3585 3108 3596 3125 ’-
3611 3098 3662 3129 a..
3677 3124 3688 3137 ι
3721 3092 3748 3119 ‘²¹
3765 3110 3768 3117 ⁴
3787 3112 3798 3119 .

2298 3169 2510 3218 semper
2532 3157 2588 3203 et
2611 3152 2818 3204 exclusi
2841 3153 3000 3215 signa
3021 3154 3195 3205 iacere
3219 3153 3416 3205 faces?
3466 3154 3490 3197 ⁶2
3507 3164 3613 3193 s-m·
3647 3170 3680 3193 μ’
3695 3186 3706 3195 ›
3813 3164 3820 3173 ‘

2234 3232 2332 3271 nec
2355 3233 2571 3283 possum
2597 3217 2817 3268 infamis
2840 3218 3092 3270 doi‘ninae
3113 3218 3400 3272 defendere
3421 3226 3608 3273 noctes

2300 3282 2496 3346 nobilis
2519 3284 2762 3334 obscenis
2787 3284 2994 3335 tradita
3015 3285 3362 3337 carminibus.
3421 3287 3434 3312 ¹'
3447 3306 3494 3324 ⁴·-
3509 3315 3530 3322 —=
3734 3303 3793 3339 ιο

2233 3364 2332 3399 000
2356 3354 2543 3400 tamen
2565 3348 2663 3399 illa
2685 3365 2816 3399 suae
2841 3356 3129 3401 reuocatur
3151 3366 3366 3426 parcere
3389 3350 3570 3403 famae

2298 3413 2483 3479 purior
2506 3421 2561 3464 et
2584 3413 2748 3468 saecli
2772 3413 2959 3465 uiuere
2981 3414 3217 3467 luxuria.

2233 3477 2333 3529 has
2356 3478 2500 3528 inter
2521 3479 2743 3544 grauius
2765 3495 2925 3544 cogor
2947 3479 3142 3531 deflere
3165 3479 3430 3547 querela-⁶⁵,

2298 3543 2556 3608 supplicis
2580 3559 2614 3593 a
2636 3543 2812 3609 longis
2835 3544 3042 3594 tristior
3064 3544 3322 3596 excubiis,

2233 3607 2326 3659 ille
2348 3624 2496 3658 meos
2519 3624 2816 3673 numquam
2844 3609 3053 3674 patitur
3073 3609 3408 3674 requiescere
3430 3617 3628 3676 postes,
3734 3624 3792 3678 15

2297 3679 2498 3738 arguta
2520 3672 2754 3724 referens
2777 3673 3018 3724 carmina
3043 3673 3341 3726 blanditia:

2237 3737 2437 3790 ‘ianua
2458 3737 2546 3789 uel
2570 3737 2790 3788 domina
2816 3737 3032 3803 penitus
3056 3738 3324 3789 crudelior
3345 3739 3481 3804 ipsa,

2298 3802 2430 3869 quid
2455 3803 2589 3854 mihi
2614 3809 2731 3854 tam
2754 3802 2902 3853 duris
2924 3802 3111 3854 clausa
3133 3808 3280 3854 taces
3303 3803 3546 3857 foribus?

2232 3883 2328 3918 cur
2350 3884 2481 3918 num
2523 3884 2650 3918 uam
2675 3871 2913 3921 reserata
2935 3884 3083 3918 meos
3106 3868 3355 3920 admittis
3377 3885 3604 3932 amoreS,

2298 3932 2482 3984 nescia
2529 3932 2739 3983 urtiuas
2763 3932 2984 3983 reddere
3007 3938 3158 3984 mota
3179 3939 3396 3999 preces?
3727 3950 3793 3988 20

2232 3997 2458 4050 nullane
2481 3997 2603 4047 finis
2627 3997 2731 4049 erit
2755 4003 2940 4047 nostro
2963 4014 3214 4049 concessa
3237 3998 3428 4060 dolori,

2297 4062 2471 4113 tristis
2494 4067 2552 4113 et
2574 4062 2630 4112 in
2655 4061 2841 4137 tepido
2864 4062 3051 4113 limine
3072 4079 3294 4113 somnus
3316 4064 3457 4115 erit?

2231 4143 2318 4178 me
2342 4126 2554 4182 mediae
2577 4132 2768 4187 noctis,
2795 4143 2881 4177 me
2904 4127 3081 4178 sidera
3103 4143 3272 4194 prona
3293 4128 3580 4192 iacentem,
3619 4123 3675 4198 ,L
3695 4133 3730 4154 '³'

2297 4192 2362 4242 fri
2407 4192 2604 4257 ’daque
2629 4192 2742 4242 Eoo
2765 4208 2850 4242 me
2874 4191 3025 4243 dolet
3046 4208 3181 4243 aura
3203 4191 3344 4258 gelu.

2230 4261 2294 4309 tu
2319 4274 2380 4308 so
2401 4273 2436 4307 a
2460 4257 2726 4307 humanos
2751 4272 3049 4323 numquam
3074 4257 3331 4309 miserata
3352 4257 3562 4310 dolores
3728 4274 3789 4328 25

2296 4322 2586 4387 respondes
2610 4322 2792 4372 tacitis
2817 4326 3011 4386 mutua
3033 4322 3357 4374 cardinibus.
3405 4336 3510 4368 *ὴν
3645 4339 3648 4340 ’

2230 4402 2263 4438 0
2285 4387 2500 4438 utinam
2524 4387 2753 4437 traiecta
2777 4402 2915 4437 0808
2938 4403 3060 4437 mea
3082 4387 3279 4439 uocula
3301 4387 3440 4439 rima
3471 4391 3598 4432 lui-4

2298 4467 2577 4517 percussas
2599 4451 2851 4502 dominae
2873 4455 3057 4503 uertat
3080 4452 3136 4503 in
3160 4443 3433 4504 auriculas
3456 4459 3467 4505 5

2230 4517 2303 4568 sit
2327 4516 2458 4567 licet
2482 4522 2537 4567 et
2560 4533 2694 4566 saxo
2720 4516 3017 4582 patientior
3039 4516 3136 4567 illa
3160 4517 3373 4580 Sican0,
3402 4529 3436 4556 a
3551 4537 3562 4552 ³
3589 4541 3600 4550 ν

2295 4582 2370 4632 sit
2392 4581 2521 4632 licet
2545 4587 2600 4632 et
2623 4581 2764 4632 ferro
2786 4581 2971 4632 durior
2992 4586 3048 4632 et
3070 4577 3318 4648 chalybe,
3731 4601 3795 4658 3⁰

2231 4662 2338 4699 non
2364 4651 2547 4697 tamen
2573 4645 2671 4696 illa
2691 4662 2817 4696 suos
2842 4645 3045 4711 poterit
3065 4662 3399 4711 compescere
3419 4647 3616 4698 ocellos
3638 4668 3652 4710 3

2296 4717 2485 4786 surget
2507 4716 2565 4762 et
2587 4710 2779 4761 inuitis
2802 4728 2827 4761 s
2867 4711 3028 4768 iritns
3050 4710 3107 4760 in
3132 4710 3383 4763 lacrimis
3433 4713 3450 4752 ἔ
3471 4737 3510 4748 „
3529 4715 3564 4744 '³‘

2231 4791 2376 4827 nunc
2398 4781 2542 4826 iacet
2565 4774 2793 4827 alterius
2839 4774 2960 4826 elici
2985 4775 3117 4826 nixa
3140 4775 3375 4827 lacerto:

2297 4846 2361 4892 at
2382 4856 2505 4892 mea
2527 4845 2793 4891 nocturno
2817 4840 2984 4891 uerba
3006 4840 3212 4891 cadunt
3235 4840 3497 4907 Zephyro.

2232 4905 2327 4957 sed
2351 4911 2416 4957 tu
2439 4905 2557 4957 sola
2581 4904 2704 4963 mei,
2734 4912 2794 4955 tu
2820 4905 3061 4956 maxima
3084 4921 3250 4956 causa
3270 4905 3488 4968 doloriS,
3732 4923 3760 4980 3
3765 4921 3791 4974 5

2299 4971 2451 5021 uicta
2474 4970 2607 5021 meis
2632 4986 2950 5036 numquam,
2977 4970 3161 5031 ianua,
3189 4972 3521 5023 muneribus.

2234 5042 2291 5091 te
2313 5053 2422 5088 non
2447 5035 2562 5086 ulla
2585 5051 2738 5087 meae
2760 5035 2924 5086 laesit
2946 5035 3256 5102 petulantia
3277 5036 3515 5104 linguae,

686 5204 807 5250 xm
826 5206 887 5250 24
905 5204 964 5250 ab
981 5203 1126 5259 scal..
1149 5205 1205 5250 in
1220 5213 1282 5251 Ω..
1329 5204 1515 5250 Oetaeis
1536 5204 1681 5262 Scal„
1706 5204 1804 5260 oe(o
1820 5219 1969 5264 supra
1987 5219 2011 5263 ς
2023 5221 2113 5253 scr.
2135 5205 2327 5264 VWreis
2345 5214 2401 5260 A,
2425 5199 2718 5260 (aktmakis
2739 5211 2772 5247 Φ
2790 5202 2851 5257 N,
2869 5201 3104 5247 aethneis
3120 5201 3377 5260 Rossberg.
3393 5206 3524 5260 royt's
3537 5205 3790 5254 Schrader.

565 5266 627 5310 28
645 5269 865 5311 amantes
886 5274 943 5319 Ω,
968 5266 1088 5309 0οι·ἰ·.
1115 5264 1260 5310 Lach-

568 5458 602 5486 s-
628 5442 743 5488 fort.
781 5455 812 5488 a
841 5442 1040 5498 delapsa

566 5505 680 5560 post
710 5501 782 5547 18.
809 5500 868 5546 16
951 5499 1115 5545 nendi.

568 5571 627 5607 Ω.
673 5566 829 5606 tenere
909 5593 921 5607 .
986 5561 1015 5603 9
1048 5563 1099 5604 et
1121 5559 1179 5602 10

1067 5429 1342 5496 oriundum,
1378 5441 1507 5486 elata
1537 5450 1594 5486 Ω..
1660 5441 1719 5485 25
1748 5455 1779 5487 8
1805 5442 2044 5500 prioribus
2071 5457 2123 5488 se

1325 5264 1384 5307 85
1404 5266 1491 5320 qui
1512 5264 1686 5320 Palm„
1711 5278 1834 5321 quae
1854 5274 1912 5313 Ω.
1968 5266 2026 5309 36
2047 5271 2203 5322 quote.
2229 5263 2500 5318 Fruterius,
2525 5275 2657 5318 quoe.
2685 5271 2718 5307 0

566 5323 841 5371 Markland.
906 5325 936 5366 δ
969 5324 1096 5368 unde
1130 5322 1275 5369 Lach-
1320 5326 1375 5368 ut
1408 5323 1573 5368 tendat
1606 5323 1883 5369 Rothstein.
1947 5325 2006 5367 22
2026 5326 2235 5371 releucnt
2256 5324 2314 5369 Ο.
2378 5323 2439 5365 24
2469 5325 2559 5366 aut
2592 5318 2780 5374 MuelL,
2812 5333 2896 5364 ‘nec
2930 5336 2977 5365 ·.-.

568 5384 631 5439 V,
656 5388 748 5429 ext.
774 5383 820 5428 D
834 5381 887 5428 F.
952 5384 982 5427 ‘1
1013 5382 1130 5427 Eois
1151 5391 1205 5437 A,
1241 5382 1323 5441 ἠες,
1343 5382 1506 5438 choyis
1529 5382 1581 5438 F,
1616 5383 1731 5429 haec
1752 5383 1883 5428 choix
1903 5384 1963 5438 A,
1983 5388 2027 5430 ct
2047 5385 2178 5429 chois
2199 5383 2260 5428 N.
2327 5382 2399 5436 16,
2426 5381 2483 5424 16

1179 5501 1238 5543 29
1260 5500 1399 5546 nulla
1420 5498 1523 5545 cod.
1553 5499 1704 5555 Pasa,
1729 5501 1883 5546 multa
1907 5510 1965 5549 Ω.
2030 5502 2088 5545 33
2109 5507 2210 5546 tam
2232 5498 2395 5557 (mihi)
2416 5497 2600 5552 Madv„
2624 5511 2770 5554 quam
2793 5506 2850 5542 Ω..

3240 5262 3401 5307 amm?
3491 5262 3602 5306 XIV
3622 5266 3649 5307 1
3671 5266 3792 5309 ulem

3219 5321 3249 5364 2
3277 5320 3366 5378 sac
3401 5320 3463 5366 N.
3527 5323 3557 5364 δ
3589 5329 3796 5370 externos

2513 5383 2626 5437 post
2653 5380 2713 5422 20
2733 5382 2918 5436 transp.
2943 5377 3207 5425 Markland
3227 5378 3478 5426 Schrader.
3544 5381 3602 5423 21
3632 5383 3792 5427 delata

2244 5441 2320 5486 uit
2352 5438 2581 5484 Ribbeck.
2645 5439 2703 5482 27
2732 5442 2775 5483 et
2807 5443 2970 5483 nostro
3001 5437 3146 5484 Iaach.
3212 5439 3360 5482 29-32
3390 5438 3468 5483 hic
3498 5438 3643 5484 alieni
3675 5440 3790 5488 fort.

2973 5495 3086 5540 xvl
3110 5497 3140 5541 8
3158 5498 3340 5543 exclusi
3361 5497 3566 5554 Lipsius,
3591 5500 3797 5544 exclusis

2735 5261 2798 5315 N,
2823 5274 2983 5317 quaec.
3011 5270 3065 5317 A,
3089 5275 3154 5305 an

1200 5564 1312 5617 post
1333 5559 1391 5603 12
1412 5560 1596 5617 transp.
1625 5559 1800 5605 Baehr.
1864 5561 1893 5603 9
1926 5574 2061 5606 uoces
2092 5561 2297 5606 Housm.
2364 5558 2423 5601 12
2456 5558 2650 5613 turpior
2670 5565 2729 5612 Ω,
2754 5570 2874 5602 corr.
2900 5554 3153 5605 Fonteiae.
3209 5557 3267 5600 13
3295 5556 3797 5615 omuibus—querelis

568 5630 629 5678 Ω,
652 5634 773 5669 corr.
800 5618 924 5667 Scal-
989 5619 1047 5662 22
1069 5621 1231 5676 turpis
1253 5628 1309 5667 Ω..
1375 5619 1434 5661 23
1455 5619 1608 5665 noctis
1628 5619 1834 5665 Housm.
1861 5618 1970 5666 coll.
1997 5620 2090 5666 00.
2117 5620 2228 5666 Am.
2258 5619 2281 5664 1
2303 5615 2347 5662 6.
2366 5618 2439 5675 44,
2466 5620 2622 5662 noctes
2642 5624 2702 5663 Ω.
2739 5615 2888 5673 plena
2908 5625 2970 5663 Ω..
