4890 6561
1075 468 1140 519 36
2114 465 2280 519 SEX.
2330 462 2720 517 PROPERTI
2758 463 3063 516 LIB.2III
3101 463 3234 527 [IV]

1139 632 1255 698 ipse
1278 631 1541 684 alimenta
1562 632 1665 683 sibi
1690 632 1931 683 maxima
1953 630 2174 698 praebet
2196 647 2363 683 amor.

1075 696 1158 748 bis
1182 703 1363 748 tamen
1384 704 1483 748 aut
1506 697 1672 748 semel
1698 697 1963 757 admittit,
1983 714 2104 747 cum
2124 712 2285 762 saepe
2309 694 2535 760 negauit
2557 716 2569 747 ε

1138 778 1237 812 seu
1260 762 1430 823 uenit,
1457 767 1700 813 extremo
1723 762 1923 814 dormit
1947 762 2146 813 amicta
2169 767 2302 811 toro,

1073 827 1257 877 omnia
1279 832 1410 878 sunt
1431 832 1703 893 temptata
1726 827 1877 886 mihi,
1904 843 2136 893 quacum
2177 843 2245 877 ue
2268 824 2450 892 fugari

1139 891 1325 956 possit,
1353 895 1412 942 at
1435 907 1503 942 ex
1528 891 1675 942 omni
1699 908 1785 942 me
1810 892 2007 956 premit
2031 891 2124 942 ille
2147 909 2164 941 ‹
2186 907 2296 941 eus,

1072 971 1244 1006 unum
1268 956 1372 1007 erit
1393 956 1663 1006 auxilium
1687 977 1698 1007 :
1736 956 1964 1006 mutatis
1991 956 2230 1021 Cynthia
2252 955 2410 1006 terris

1139 1025 1407 1085 quantum
1431 1021 1617 1080 oculiS,
1644 1021 1827 1072 animo
1850 1027 1966 1071 tam
1991 1020 2174 1086 procul
2198 1020 2303 1071 ibit
2323 1035 2490 1071 amor.
2570 1034 2629 1070 10

1073 1100 1219 1136 nunc
1242 1085 1407 1151 agite,
1434 1101 1466 1135 ο
1488 1086 1636 1146 socii,
1664 1085 1949 1151 propellite
1972 1085 2026 1135 in
2053 1101 2288 1160 aequora
2310 1101 2527 1145 nauem,

1100 1192 1106 1203 .
1137 1165 1514 1215 remorumque
1539 1167 1694 1215 pares
1716 1150 1899 1201 ducite
1923 1155 2066 1201 sorte
2090 1166 2254 1211 mces,

2596 837 2629 1018 ⁸00¹OE
2595 705 2628 811 eost

985 1256 989 1261 .
1073 1212 1392 1289 iungiteque
1414 1219 1658 1265 extremo
1681 1214 1863 1266 felicia
1886 1215 2055 1265 lintea
2078 1213 2223 1265 malo
2243 1235 2255 1265 ε

1137 1294 1249 1329 lam
1273 1278 1543 1345 hquidum
1567 1280 1751 1330 nautis
1773 1296 1910 1330 aura
1931 1279 2196 1330 secundat
2219 1278 2341 1330 iter.

1074 1342 1354 1395 Romanae
1377 1350 1553 1395 turres
1578 1350 1634 1395 et
1659 1361 1755 1395 uos
1779 1344 2013 1394 ualeatis
2036 1343 2215 1403 amici,
2568 1354 2624 1407 15

1138 1407 1551 1475 qualiscumque
1574 1409 1705 1459 mihi
1732 1415 1903 1474 tuque
1928 1407 2110 1474 puella
2133 1407 2270 1459 uale.

1071 1486 1200 1538 ergo
1217 1489 1317 1537 ego
1335 1490 1478 1524 nunc
1500 1473 1651 1524 rudis
1666 1473 1927 1524 Hadriaci
1952 1472 2121 1524 uehar
2138 1471 2387 1538 aequoris
2410 1471 2621 1538 hospes,

1137 1553 1297 1600 cogar
1320 1544 1377 1589 et
1400 1538 1693 1589 undisonos
1720 1554 1861 1588 nunc
1886 1554 2037 1603 prece
2060 1537 2210 1588 adire
2234 1537 2377 1587 deos.

1073 1598 1268 1652 deinde
1291 1618 1385 1677 per
1410 1603 1622 1653 Ionium
1646 1607 1839 1653 uectus
1862 1619 1985 1653 cum
2010 1602 2152 1653 fessa
2175 1602 2420 1653 Lechaea

1136 1665 1340 1717 sedarit
1362 1666 1576 1733 placida
1599 1667 1725 1717 uela
1747 1667 2001 1733 phaselus
2024 1683 2186 1733 aqua,
2561 1681 2626 1717 20

1073 1730 1218 1795 quod
1240 1738 1502 1797 superest,
1530 1732 1768 1791 sufferre,
1793 1732 1975 1797 pedes,
2003 1735 2283 1797 properate
2307 1730 2566 1794 laborem,

1141 1795 1377 1846 Isthmos
1401 1813 1510 1861 qua
1533 1797 1691 1848 terris
1715 1803 1863 1847 arcet
1887 1802 2177 1861 utrumque
2202 1812 2361 1847 mare.

1071 1859 1199 1910 inde
1224 1859 1318 1911 ubi
1342 1860 1522 1911 Piraei
1545 1862 1762 1926 capient
1784 1877 1871 1911 me
1894 1861 2054 1911 litora
2114 1865 2284 1920 ortus,

1138 1925 1394 1976 scandam
1419 1941 1519 2001 ego
1542 1925 1783 1976 Theseae
1808 1925 2059 1976 bracchia
2103 1942 2243 1991 onga
2266 1924 2405 1977 uiae.

1070 1988 1184 2039 illic
1201 1996 1301 2040 aut
1323 1990 1517 2040 stadiis
1538 1990 1783 2041 animum
1806 1991 2094 2041 emendare
2118 1990 2364 2040 Platonis
2561 2003 2623 2055 25

1135 2053 1394 2119 incipiam
1418 2060 1515 2105 aut
1538 2054 1724 2116 hortis,
1753 2055 1909 2105 docte
1935 2055 2182 2121 Epicure,
2210 2055 2337 2114 tuis,

1072 2134 1363 2187 persequar
1385 2126 1485 2171 aut
1508 2119 1751 2171 studium
1777 2120 2014 2185 linguae,
2042 2118 2425 2170 Demosthenis
2449 2134 2619 2183 arma,

1136 2183 1537 2250 †librorumque
1561 2188 1701 2244 tuos,
1730 2185 1885 2235 docte
1910 2184 2225 2244 Menandre,
2253 2183 2393 2235 sales
2414 2204 2428 2244 3

1071 2252 1171 2298 aut
1193 2257 1338 2299 certe
1361 2248 1584 2300 tabulae
1607 2250 1823 2315 capient
1848 2266 1967 2300 mea
1992 2249 2201 2300 lumina
2224 2249 2401 2314 pictae

1135 2313 1253 2363 siue
1276 2314 1433 2365 ebore
1456 2319 1681 2364 exactae
1704 2330 1800 2364 seu
1825 2314 2000 2377 magis
2021 2330 2143 2365 aere
2169 2330 2375 2364 manus.
2562 2328 2626 2378 30

1070 2381 1129 2429 et
1152 2378 1332 2442 spatia
1353 2394 1619 2428 annorum
1642 2384 1739 2429 aut
1764 2378 1925 2443 longa
1946 2378 2239 2428 interualla
2259 2377 2513 2443 profundi

1135 2441 1387 2493 lenibunt
1411 2443 1583 2493 tacito
1604 2442 1836 2493 uulnera
1858 2448 2043 2492 nostra
2066 2443 2190 2493 sinu
2210 2463 2221 2493 ε

1071 2522 1166 2557 seu
1191 2507 1405 2567 moriar,
1434 2506 1567 2567 fate,
1595 2523 1704 2557 non
1728 2507 1872 2572 turpi
1897 2506 2107 2557 fractus
2128 2522 2310 2558 amore
2331 2526 2347 2567 3

1134 2576 1302 2638 atque
1325 2570 1430 2623 erit
1451 2571 1549 2624 illa
1570 2572 1707 2623 mihi
1732 2572 1920 2623 mortis
1942 2571 2173 2623 honesta
2190 2571 2321 2624 dics.

1761 2777 1932 2827 XXII

1072 2892 1296 2956 Frigida
1317 2896 1435 2943 tam
1457 2890 1659 2943 multos
1684 2890 1891 2957 placuit
1916 2889 2016 2941 tibi
2042 2890 2084 2939 C
2126 2891 2270 2941 zicus
2293 2907 2484 2953 annos,

1136 2957 1312 3017 Tulle,
1344 2957 1702 3021 Propontiaca
1723 2973 1832 3022 qua
1856 2956 1976 3006 fluit
2004 2956 2085 3005 Ist
2126 2972 2241 3005 mos
2337 2973 2425 3017 ua,

1069 3021 1361 3097 Dindymis
1386 3027 1442 3073 et
1466 3038 1620 3096 sacra
1643 3021 1911 3096 fabricata
1932 3020 2210 3095 ¹[inuenta
2233 3020 2312 3086 Cy
2385 3021 2469 3084 be,

1070 3085 2447 3211 .12293&xzssffffltzsffisssssszfflssssztrba,
2595 3163 2622 3216 s

1133 3232 1232 3266 nec
1254 3215 1538 3276 desideriO,
1566 3215 1741 3276 Tulle,
1771 3231 1987 3265 mouere
2010 3231 2146 3275 meo,

1069 3287 1129 3332 tu
1155 3280 1284 3331 licet
1305 3280 1537 3346 aspicias
1560 3279 1772 3331 caelum
1796 3297 1954 3331 omne
1978 3279 2214 3331 Atlanta
2235 3286 2533 3346 gerentem,

1133 3349 1389 3419 sectaque
1414 3345 1610 3395 Persea
1636 3344 1925 3394 Phorcidos
1948 3361 2044 3394 ora.
2065 3360 2248 3404 manu,

1068 3409 1149 3460 Ge
1217 3425 1335 3459 oms
1358 3408 1576 3459 stabula
1600 3414 1657 3458 et
1679 3408 1986 3459 luctantum
2010 3409 2067 3459 in
2092 3408 2314 3474 puluere
2336 3408 2496 3472 signa

1191 3473 1386 3523 erculis
1411 3473 1721 3538 Antaeique
1748 3473 2216 3539 Hesperidumque
2240 3473 2447 3535 choroS,
2565 3489 2625 3525 10

1069 3542 1129 3589 tu
1172 3554 1240 3588 ue
1264 3543 1361 3588 tuo
1384 3537 1644 3589 Colchum
1666 3538 1932 3604 propellas
1957 3539 2159 3604 remige
2184 3538 2423 3599 Phasim,

1179 3603 1489 3669 eliacaeque
1514 3602 1683 3653 trabis
1707 3608 1884 3653 totum
1909 3603 2012 3653 iter
2034 3604 2146 3669 ipse
2169 3602 2337 3667 legas,

1065 3685 1177 3734 qua
1200 3668 1348 3718 rudis
1369 3670 1553 3733 Argoa
1570 3673 1728 3718 natat
1752 3668 1896 3718 inter
1918 3685 2054 3719 saxa
2076 3666 2330 3720 columba.

1132 3733 1188 3783 in
1212 3732 1407 3783 faciem
1431 3748 1619 3798 prorae
1643 3732 1803 3798 pinus
1824 3732 2024 3783 adacta
2045 3748 2239 3793 nouae,

1067 3803 1124 3850 et
1147 3798 1306 3863 siqua
1330 3797 1548 3862 Ortygii
1567 3796 1797 3847 uisenda
1818 3801 1901 3847 est
1924 3814 2019 3848 ora
2042 3796 2280 3861 Caystri,
2565 3807 2621 3862 15

1129 3869 1187 3914 et
1211 3878 1349 3928 quac
1372 3866 1624 3926 septenas
1648 3867 1917 3927 temperat
1940 3861 2089 3911 unda
2111 3861 2234 3911 uias
2254 3880 2269 3921 3

1063 3927 1248 3978 omnia
1274 3927 1551 3976 Romanae
1573 3925 1769 3977 cedent
1792 3926 2053 3977 miracula
2075 3933 2250 3977 terrae
2273 3946 2284 3976 ε

1131 3997 1331 4042 natura
1354 3991 1441 4042 hic
1465 3990 1661 4056 posuit,
1690 3990 1948 4056 quicquid
1972 3991 2176 4056 ubique
2199 3990 2322 4041 fuit.

1065 4057 1232 4109 armis
1254 4061 1389 4121 apta
1412 4056 1585 4120 magis
1609 4054 1789 4116 tellus,
1816 4072 1980 4121 quam
2006 4055 2287 4106 commoda
2310 4070 2488 4106 noxae
2510 4075 2523 4108 :

1130 4121 1353 4180 famam,
1380 4121 1572 4179 Roma,
1601 4126 1730 4171 tuae
1755 4136 1860 4171 non
1888 4121 2057 4185 pudet
2080 4120 2352 4171 historiae.
2559 4134 2624 4171 20

1066 4202 1192 4237 nam
1218 4189 1487 4249 quantum
1512 4183 1669 4245 ferr0,
1697 4189 1917 4235 tantum
1943 4185 2152 4250 pietate
2175 4190 2427 4250 potentes

1130 4255 1341 4300 stamus
1364 4270 1375 4298 :
1414 4249 1664 4299 uictrices
1689 4253 1797 4299 tem
1870 4255 1955 4299 rat
1980 4250 2077 4300 illa
2100 4266 2309 4300 manus.

1066 4313 1155 4365 hic
1178 4313 1322 4364 Anio
1346 4312 1584 4362 Tiburne
1608 4312 1747 4373 fluis,
1824 4313 2090 4364 litumnus
2115 4314 2185 4364 ab
2212 4313 2414 4363 Vmbro

1132 4377 1372 4437 tramite,
1399 4382 1455 4427 et
1478 4382 1758 4427 aeternum
1784 4378 2027 4428 Marcius
2049 4395 2204 4428 umor
2226 4394 2378 4442 opus,

1066 4441 1315 4494 Albanus
1339 4441 1489 4492 lacus
1513 4447 1570 4492 et
1594 4440 1738 4491 foliis
1760 4442 2107 4493 Nemorensis
2130 4442 2432 4504 abundans,
2559 4457 2588 4492 2
2594 4454 2620 4507 5

1129 4513 1366 4573 potaque
1392 4505 1629 4556 Pollucis
1653 4506 1877 4573 lympha
1911 4507 2145 4558 salubris
2168 4523 2324 4573 equo.

1064 4576 1124 4623 at
1148 4588 1254 4622 non
1279 4587 1568 4636 squamoso
1592 4571 1855 4622 labuntur
1879 4578 2070 4622 uentre
2094 4577 2356 4634 cerastae,

1131 4636 1277 4688 Itala
1298 4635 1565 4702 portentis
1589 4652 1686 4687 nec
1708 4636 1849 4688 furit
1872 4638 2022 4688 unda
2044 4637 2199 4688 nouis
2213 4656 2228 4699 3

2730 645 2839 681 non
2861 628 2949 680 hic
2972 629 3353 681 Andromedae
3376 634 3633 681 resonant
3658 645 3752 696 pro
3775 633 3950 681 matre
3972 634 4214 691 catenae,

2796 710 2894 745 nec
2916 695 3105 745 tremis
3134 695 3419 755 Ausonias,
3450 695 3664 746 Phoebe
3688 694 3893 760 fugate,
3921 695 4120 760 dapes3
4221 710 4285 760 30

2731 775 2829 810 nec
2852 759 3107 825 cuiquam
3130 760 3383 811 absentes
3405 766 3656 810 arserunt
3680 760 3736 809 in
3759 765 3924 825 caput
3947 760 4118 824 ignes,

2795 824 3026 875 exitium
3051 829 3184 875 nato
3207 830 3382 875 matre
3405 830 3661 875 mouente
3685 840 3783 874 suo
3806 843 3820 883 3

2732 888 2979 939 Penthea
3000 905 3107 939 non
3131 905 3329 939 saeuae
3352 895 3628 940 uenantur
3650 889 3704 939 in
3731 888 3919 939 arbore
3943 887 4207 949 Bacchae,

2795 968 2893 1003 nec
2916 953 3084 1003 soluit
3106 953 3330 1004 Danaas
3352 954 3574 1005 subdita
3595 969 3757 1004 cerua
3777 958 3923 1003 rates
3945 972 3958 1013 3

2730 1032 2932 1068 cornua
2952 1034 3051 1068 nec
3077 1018 3254 1069 ualuit
3277 1035 3503 1069 curuare
3526 1018 3585 1068 in
3607 1018 3811 1083 paelice
3835 1018 3976 1069 Iuno
4221 1030 4282 1082 35

2795 1088 2894 1132 aut
2916 1082 3111 1133 faciem
3137 1083 3285 1149 turpi
3310 1082 3629 1134 dedecorare
3653 1083 3806 1134 boue.

2730 1146 3118 1212 (arboreasque
3141 1164 3325 1198 cruces
3350 1147 3498 1198 Sinis
3520 1152 3578 1198 et
3601 1164 3706 1197 non
3733 1146 3948 1213 hospita
3971 1146 4130 1198 Grais

2794 1227 2929 1261 saxa
2950 1217 3008 1263 et
3029 1217 3285 1263 curuatas
3308 1212 3363 1263 in
3388 1228 3489 1263 sua
3509 1212 3630 1263 fata
3652 1212 3883 1326 trabes?

2730 1274 2862 1326 haec
2884 1276 3006 1338 tibi,
3034 1276 3210 1336 Tulle,
3238 1293 3449 1342 parens,
3473 1277 3605 1328 haec
3620 1283 3704 1328 est
3722 1276 3846 1342 pulc
3865 1276 4084 1327 ierrima
4100 1275 4280 1333 sedes3

2794 1340 2881 1391 hic
2906 1340 3007 1391 tibi
3068 1358 3124 1390 ro
3147 1341 3313 1417 digna
3336 1347 3499 1407 gente
3522 1341 3787 1407 petendus
3805 1341 3976 1391 honos
3997 1360 4010 1401 3
4216 1356 4282 1403 40

2728 1404 2816 1456 hic
2840 1405 2944 1456 tibi
2965 1357 3064 1456 adp
3059 1405 3335 1471 eloquium
3360 1407 3522 1482 ciues,
3551 1406 3638 1457 hic
3654 1405 3839 1471 ampla
3860 1410 4117 1471 nepotum
4251 1414 4252 1417 ’

2793 1487 2915 1536 spes
2937 1474 2994 1522 et
3016 1475 3283 1523 uenturae
3304 1471 3549 1536 coniugis
3570 1476 3733 1538 aptus
3755 1486 3919 1522 amor.

3398 1685 3598 1737 XXIII

2729 1797 2872 1859 Ergo
2895 1800 3012 1847 tarn
3034 1796 3226 1847 doctae
3249 1795 3405 1847 nobis
3428 1796 3631 1862 periere
3654 1794 3909 1856 tabellae,

2791 1861 2995 1926 scripta
3018 1861 3216 1926 quibus
3241 1861 3444 1926 pariter
3465 1866 3552 1911 tot
3574 1861 3777 1926 periere
3801 1860 3957 1912 bona.

2726 1925 2826 1977 has
2851 1926 3125 2002 quondam
3149 1926 3350 1975 nostris
3374 1926 3625 1975 manibus
3647 1925 3951 1977 dett-iuerat
3972 1941 4125 1987 usus,

2792 2007 2888 2056 qui
2913 2007 3019 2041 non
3043 1991 3289 2055 signatas
3313 1990 3471 2040 iussit
3496 1989 3694 2040 habere
3720 1990 3895 2041 fidem.

2725 2054 2855 2106 illae
2878 2056 2988 2105 iam
3013 2055 3129 2105 sine
3153 2072 3239 2105 me
3261 2059 3456 2105 norant
3485 2054 3695 2119 placare
3720 2054 3930 2119 puellas
4249 2065 4277 2120 5

2791 2124 2848 2171 et
2910 2119 3142 2170 uaedam
3166 2120 3283 2171 sine
3309 2135 3393 2170 me
3417 2119 3585 2169 uerba
3607 2119 3811 2169 diserta
3833 2119 3998 2185 loqui.

2727 2201 2833 2236 non
2858 2137 2980 2235 illias
3004 2184 3173 2234 fixum
3197 2200 3350 2234 caras
3373 2184 3623 2235 effecerat
3646 2200 3839 2234 aurum
3862 2205 3874 2235 ε

2791 2249 3009 2313 uulgari
3032 2249 3178 2299 buxo
3201 2248 3418 2299 sordida
3440 2264 3565 2300 cera
3589 2248 3708 2299 fuit.

2727 2313 3149 2380 qualescumque
3174 2314 3307 2364 mihi
3330 2329 3538 2378 semper
3561 2328 3804 2362 mansere
3827 2310 4029 2374 fideles,

2791 2395 3001 2444 semper
3022 2385 3080 2430 et
3102 2379 3328 2429 effectus
3351 2393 3688 2442 promeruere
3712 2377 3892 2427 bonos.
4222 2392 4280 2428 10

2726 2443 2956 2494 forsitan
2979 2443 3112 2494 haec
3135 2443 3244 2493 illis
3267 2444 3489 2493 fuerunt
3511 2441 3775 2493 mandata
3796 2442 4014 2492 tabellis
4039 2463 4052 2499 3

2797 2516 2810 2535 ⁸
2830 2508 3044 2568 irascor,
3072 2508 3327 2583 quoniam
3347 2524 3422 2568 ee,
3449 2506 3612 2567 lente,
3641 2513 3882 2556 moratus
3905 2506 4036 2557 heri.

2727 2588 2797 2623 an
2824 2572 2926 2623 tibi
2950 2589 3271 2638 nescioquas
3294 2572 3414 2622 uisa
3439 2577 3523 2622 est
3546 2572 3863 2621 formosior?
3895 2587 3966 2621 an
3992 2574 4055 2622 tu

2793 2654 2900 2687 non
2925 2637 3068 2688 bona
3090 2637 3157 2687 de
3181 2636 3335 2687 nobis
3357 2636 3585 2686 crimina.
3608 2636 3736 2686 ficta
3758 2636 3891 2686 iacis
3911 2640 3931 2685 ἲ
3950 2636 3963 2658 ’

2727 2706 2826 2752 aut
2849 2701 2990 2752 dixit
3016 2708 3029 2728 ‘
3049 2701 3236 2752 uenies
3259 2701 3435 2761 hodie,
3463 2700 3792 2751 cessabimus
3818 2716 3958 2752 una:
4223 2713 4280 2766 15

2791 2765 3088 2832 hospitium
3114 2771 3233 2817 tota
3255 2772 3414 2817 nocte
3437 2765 3654 2831 parabit
3679 2765 3847 2815 Amor
3863 2765 3875 2786 ’

2727 2835 2784 2882 et
2806 2847 3181 2897 quaecumque
3206 2829 3392 2881 uolens
3417 2829 3617 2905 reperit
3640 2846 3747 2879 non
3772 2829 3947 2881 stulta
3969 2829 4153 2896 puella

2790 2896 3026 2960 garrula,
3054 2912 3176 2946 cum
3202 2895 3416 2945 blandis
3440 2894 3640 2944 dicitur
3663 2894 3794 2945 hora
3817 2894 3971 2945 dolis,

2727 2976 2813 3010 me
2836 2959 3110 3019 miserum,
3138 2960 3222 3010 his
3247 2960 3445 3024 aliquis
3469 2959 3737 3009 rationem
3760 2960 3948 3010 scribit
3970 2975 4173 3011 auarus

2791 3030 2848 3076 et
2871 3025 3026 3090 ponit
3050 3025 3213 3076 duras
3236 3024 3378 3074 inter
3399 3024 3786 3089 ephemeridas.
4219 3039 4282 3075 20

2726 3105 2861 3155 quas
2884 3090 3056 3156 siquis
3080 3089 3212 3139 mihi
3237 3089 3524 3148 rettulerit,
3551 3089 3845 3139 donabitur
3866 3104 4016 3141 aure.

2790 3154 2914 3220 quis
2939 3171 3035 3220 pro
3058 3153 3269 3203 diuitiis
3293 3153 3442 3219 ligna
3464 3159 3679 3204 retenta
3702 3153 3871 3204 uelit?

2723 3218 2740 3269 i
2767 3235 2916 3286 puer,
2945 3223 3000 3269 et
3023 3219 3165 3270 citus
3189 3218 3321 3269 haec
3344 3218 3533 3285 aliqua
3594 3234 3651 3269 ro
3689 3235 3790 3269 one
3813 3218 4085 3280 columna,

2790 3290 2845 3337 et
2868 3284 3149 3336 dominum
3174 3284 3435 3350 Esquiliis
3457 3235 3630 3335 scribe
3653 3235 3902 3336 Eabitare
3925 3289 4098 3337 tuum.

3400 3489 3595 3541 XXIV

2724 3603 2891 3655 Falsa
2913 3607 2996 3655 est
3019 3603 3128 3654 ista
3149 3609 3298 3664 tuae,
3325 3601 3537 3663 mulier,
3566 3602 3766 3653 fiducia
3787 3602 4008 3664 formae,

2789 3668 2919 3719 olim
2943 3668 3114 3718 oculis
3139 3668 3364 3718 nimium
3391 3668 3540 3718 facta
3562 3668 3796 3732 superba
3821 3669 3970 3718 meis.

2723 3745 2909 3784 noster
2932 3749 3082 3783 amor
3105 3732 3245 3782 tales
3268 3733 3465 3784 tribuit
3488 3732 3608 3793 tibi,
3637 3732 3893 3797 Cynthia,
3922 3731 4112 3784 laudes
4134 3753 4147 3784 ε

2790 3798 3037 3848 uersibus
3061 3797 3327 3862 insignem
3353 3801 3408 3846 te
3435 3796 3601 3861 pudet
3625 3813 3740 3847 esse
3764 3797 3913 3849 meis.

2724 3863 2956 3913 mixtam
2982 3866 3035 3911 te
3060 3863 3215 3912 uaria
3242 3861 3464 3911 laudaui
3490 3877 3648 3926 saepe
3672 3864 3863 3925 figura,
4250 3873 4278 3926 5

2789 3932 2868 3987 ut,
2897 3926 3038 3992 quod
3065 3942 3171 3976 non
3197 3942 3358 3985 esses,
3385 3942 3501 3976 esse
3563 3932 3742 3976 utaret
3767 3941 3951 3988 amor3

2725 3996 2783 4044 et
2805 3991 2949 4042 color
2971 3997 3056 4042 est
3080 3990 3280 4041 toti‹=ns
3306 4006 3455 4040 roseo
3479 4006 3539 4039 co
3564 3990 3710 4040 latus
3738 3991 3864 4051 Eoo,

2788 4072 2910 4106 cum
2936 4055 3040 4105 tibi
3063 4056 3343 4121 quaesitus
3367 4053 3567 4105 candor
3589 4055 3645 4104 in
3668 4071 3758 4105 ore
3783 4054 3936 4106 foret.

2725 4121 2868 4187 quod
2892 4120 3027 4171 mihi
3052 4137 3156 4170 non
3183 4120 3343 4185 patrii
3369 4125 3620 4184 poterant
3643 4124 3890 4170 auertere
3913 4119 4092 4180 amici,

2789 4185 2969 4236 eluere
2992 4190 3089 4235 aut
3112 4192 3271 4235 uasto
3295 4184 3557 4234 Thessala
3580 4200 3711 4247 saga
3734 4185 3886 4244 mari,
4220 4199 4282 4240 ιο

2723 4250 2858 4301 haec
2881 4267 2910 4301 e
2985 4289 2997 4310 ,
3025 4266 3133 4299 non
3156 4249 3312 4308 ferro,
3341 4266 3447 4299 non
3473 4249 3595 4314 igne
3618 4255 3856 4308 coactus,
3884 4254 3941 4299 et
3962 4248 4083 4314 ipsa

2735 4351 2746 4360 -‚
2788 4332 2896 4366 nau
2924 4331 3085 4380 ragus
3109 4315 3331 4364 Aecraea
3352 4314 3520 4364 uerba
3545 4313 3755 4364 fatebor
3775 4329 3933 4378 aqua.

2724 4385 3000 4444 correptus
3023 4356 3441 4429 saeuoeveneris
3465 4377 3705 4428 torrebar
3727 4377 3902 4428 aheno
3921 4397 3936 4439 3

2788 4444 3006 4493 uinctus
3028 4459 3175 4493 eram
3202 4460 3386 4493 uersas
3410 4443 3463 4492 in
3491 4458 3612 4492 mea
3635 4447 3790 4506 terga
3815 4458 4023 4494 manus.

2723 4524 2843 4559 ecce
2867 4515 3153 4559 coronatae
3178 4515 3392 4573 portum
3415 4507 3643 4581 tetigere
3666 4507 3898 4566 carinae,
4221 4519 4275 4573 15

2787 4573 3047 4623 traiectae
3071 4575 3277 4637 Syrtes,
3304 4588 3501 4622 ancora
3523 4577 3669 4621 iacta
3690 4570 3825 4620 mihi
3846 4577 3945 4623 est.

2722 4653 2867 4688 nunc
2890 4637 3113 4688 demum
3138 4645 3296 4687 uasto
3318 4635 3447 4687 fessi
3472 4635 3835 4701 resipiscimus
3857 4641 4031 4698 aestu,

1179 4767 1291 4812 m
1320 4770 1350 4813 6
1379 4770 1480 4825 ipse
1511 4778 1544 4814 Φ
1565 4767 1628 4814 N.
1694 4770 1736 4824 7,
1772 4769 1802 4812 8
1829 4771 1946 4815 ante
1975 4770 2005 4812 5
2034 4772 2218 4828 transp.
2253 4784 2356 4816 nos.
2421 4771 2452 4814 '1
2483 4770 2555 4816 bis
2581 4769 2902 4826 Cornelissen,
2936 4773 3028 4816 uix
3059 4780 3116 4816 52.
3160 4772 3351 4826 necarit
3383 4768 3494 4814 ΦΝ.
3560 4769 3589 4812 8
3617 4768 3778 4813 amica
3809 4776 3866 4824 52,
3902 4783 4020 4814 corr.
4057 4768 4182 4816 Scal.
4247 4771 4277 4814 9

1064 4826 1308 4885 (akqnore
1329 4838 1365 4873 Δ
1386 4828 1499 4873 LN.
1564 4828 1623 4870 19
1653 4828 1868 4873 Lechaea
1900 4843 1986 4873 nos
2007 4829 2073 4884 (-0
2093 4827 2265 4886 uulg.),
2295 4831 2445 4875 licheo
2477 4830 2639 4888 peiora
2660 4841 2717 4876 52.
2782 4830 2840 4873 21
2871 4830 3060 4886 ntffemc
3091 4847 3122 4873 τ
3150 4833 3281 4885 uulg-

2158 4903 2181 4933 ε
2208 4887 2266 4933 c.
2293 4889 2346 4934 Τ·
2374 4889 2621 4945 surim*
2646 4887 3293 5001 Q²fflffssofieff¹g·„2¹‡2
3310 4886 3407 4992 gs.
3429 4887 3578 4988 amm
3599 4886 3787 4941 nem,
3811 4891 3989 4942 ‘'m“
4007 4884 4272 4942 n’owme,

1064 4885 1509 4991 fflzffi)llglrlpp‘l)xgi.,
1539 4886 2183 4998 ἕίαείίηὲἑέὴτξῗιξιιιὸΐὶὸοᾳὲὃ
2203 4948 2271 4991 εἰσ
2292 4947 2533 5004 Guyetus.

3347 4829 3405 4871 25
3432 4833 3519 4872 aut
3547 4827 3735 4882 Muell.,
3767 4829 3846 4872 ue!
3873 4836 3929 4873 52.
3975 4829 4151 4874 stadiis
4177 4828 4278 4884 (uel

3477 4960 3598 5002 quae
3616 4955 3648 4990 Φ
3666 4945 3728 4990 N.
3773 4959 3914 5001 equos
3926 4943 3950 4990 ἲ
3968 4945 4277 5003 interpunxit

1065 5005 1277 5051 Carutti.
1351 5004 1380 5046 ³
1409 5004 1676 5048 Dindimus
1706 5013 1764 5058 52,
1798 5018 1918 5049 corr.
1945 5004 2099 5050 Palm.
2144 5007 2349 5050 iuuenta
2382 5005 2492 5060 AF,
2527 5019 2550 5050 e
2579 5007 2681 5051 uite
2709 5006 2881 5064 Haupt
2908 5005 3015 5052 coll.
3052 5007 3144 5063 Ap.
3183 5004 3338 5050 Rhod.
3376 5004 3399 5048 1
3431 5004 3547 5052 1117
3577 5018 3680 5062 sqq.
3713 5003 3843 5050 unde
3873 5003 4023 5049 etiam
4054 5006 4111 5049 in
4139 5010 4276 5051 caute

1068 5064 1293 5117 nouam„
1333 5068 1453 5108 secto
1483 5062 1563 5107 uel
1594 5061 1956 5119 sam—Almia
1976 5064 2191 5116 inldente
2231 5064 2417 5109 Bar-ton
2462 5063 2570 5109 coll.
2613 5064 2820 5110 Pausan.
2860 5065 2989 5109 VIII
3017 5064 3088 5109 46.
3169 5064 3198 5106 ⁶
3228 5069 3270 5108 et
3306 5072 3364 5108 Ω.
3429 5063 3488 5106 13
3518 5077 3665 5119 aryea
3701 5072 3738 5109 Δ
3767 5062 3820 5108 F.
3886 5063 3959 5118 15,
3984 5063 4044 5107 16

2448 5124 2456 5133 ’
2574 5127 2616 5167 et
2638 5123 2806 5169 Heius.
2855 5125 3046 5180 Ortyyii
3068 5123 3130 5168 Is.
3158 5122 3318 5176 Voss..
3354 5123 3486 5176 oriae
3507 5131 3564 5177 Ω,
3589 5123 3815 5177 oloriyeri
3834 5121 3964 5177 Itali,
3999 5123 4203 5178 onmia
4233 5127 4277 5169 et

1062 5122 1226 5168 antius
1256 5121 1473 5179 posueris
1495 5118 1624 5178 (post
1644 5121 1674 5165 6
1695 5120 1938 5177 Housm.).
2002 5122 2061 5164 15
2091 5127 2143 5166 αι
2163 5123 2305 5178 :iona
2326 5122 2369 5166 Ο

4073 5066 4184 5121 post
4216 5065 4276 5107 10

1065 5181 1251 5237 Haupt.
1317 5179 1376 5222 18
1405 5193 1528 5235 quae
1548 5179 1723 5234 Palm,
1747 5194 1844 5236 qua
1866 5189 1925 5225 Ω.
1988 5180 2136 5223 19-22
2164 5186 2281 5225 ante
2302 5136 2732 5238 se'stmnebat
2753 5182 2929 5227 Baehr.
2992 5182 3050 5225 22
3074 5184 3155 5226 ira
3176 5190 3233 5226 52.
3289 5181 3347 5223 2³
3377 5181 3505 5224 almo
3524 5181 3587 5226 D.
3624 5179 3751 5237 flues
3771 5190 3830 5227 Ω.
3895 5181 3954 5223 24
3982 5183 4192 5226 martius
4212 5190 4270 5227 Ω.

1063 5237 1278 5294 25ῙΟΙίίε
1298 5237 1523 5292 Housm.,
1550 5240 1685 5283 sotiis
1706 5247 1760 5292 Δ,
1785 5237 1984 5295 soci(ti)i
2004 5248 2036 5283 Φ
2055 5239 2116 5284 N.
2161 5239 2222 5283 ab
2243 5240 2378 5284 mida
2399 5249 2458 5295 Ω,
2484 5254 2603 5285 corr.
2629 5239 2772 5286 idem.
2837 5241 2897 5284 28
2923 5241 3138 5296 nympha

1066 5299 1122 5342 8'1
1153 5297 1315 5344 Scinis
1346 5295 1626 5351 Beroaldus,
1658 5299 1786 5342 senis
1816 5296 1887 5352 (in
1919 5296 1966 5342 N
1994 5299 2120 5343 cinis
2148 5311 2295 5354 supra
2324 5296 2439 5353 scr.)
2471 5307 2529 5344 Ω.
2573 5302 2617 5343 et
2647 5313 2744 5343 non
2772 5312 2866 5344 om.
2903 5298 2956 5344 F.
3021 5300 3093 5354 3⁷,
3130 5299 3189 5341 38

2569 5355 2728 5400 xxm
2758 5358 2816 5400 11
2828 5356 3036 5414 suerunt
3057 5357 3342 5415 nescioquis,
3359 5356 3566 5412 suemus

2684 5417 2743 5460 17
2773 5418 2937 5461 uolens
2972 5416 3256 5473 nescioquis,
3295 5415 3460 5460 dolens
3489 5424 3547 5461 52.
3624 5415 3683 5458 18
3709 5415 3934 5471 qam-ula,
3967 5414 4275 5472 interpunxit

1063 5357 1216 5402 nescis
1236 5360 1279 5400 et
1302 5356 1546 5411 inhospita
1567 5354 1709 5411 legas.
1772 5355 1833 5398 42
1854 5354 2028 5401 melius
2049 5359 2177 5401 esset
2199 5362 2445 5402 nemum.

1062 5416 1122 5458 15
1151 5414 1261 5458 dixi
1291 5422 1347 5460 Ω.
1404 5416 1695 5459 cessavimus
1725 5423 1783 5459 Ω.
1863 5415 1923 5457 18
1945 5417 2155 5471 parauit
2185 5424 2243 5469 Ω,
2278 5430 2397 5461 corr.
2434 5415 2604 5462 Heius.

1065 5474 1269 5519 Housm.
1316 5473 1519 5518 ducitur
1539 5482 1596 5518 Ω.
1660 5473 1719 5515 19
1739 5474 1891 5519 anari
1910 5482 1968 5519 52.
2034 5474 2093 5516 20
2112 5474 2253 5519 diras
2272 5474 2335 5520 N.
2399 5474 2459 5518 22
2487 5475 2631 5532 ciana
2652 5483 2711 5532 Ω,
2736 5489 2856 5523 οοιτ.
2881 5475 3162 5522 Beroaldus.

1063 5537 1179 5579 esset
1200 5542 1254 5578 Δ.
1309 5545 1404 5578 esse
1423 5531 1485 5589 N,
1511 5544 1647 5589 saepe
1668 5531 1726 5579 Ο.
1790 5533 1835 5590 9,
1860 5532 1920 5575 10
1937 5534 2055 5579 ante
2075 5532 2133 5576 18
2152 5533 2293 5591 ponit
2313 5533 2522 5582 Housm.

3158 5249 3215 5285 52.
3281 5239 3340 5283 27
3360 5240 3642 5284 lambuntur
3661 5239 3719 5285 O.
3784 5239 3843 5282 28
3856 5238 3962 5295 fuit
3981 5248 4039 5285 Ω.
4084 5253 4193 5284 um
4211 5249 4271 5286 52.

3218 5301 3329 5356 post
3359 5298 3418 5341 ³0
3448 5301 3584 5343 trans
3649 5297 3796 5343 nebat
3828 5296 4046 5353 Hertzb„
4083 5297 4207 5343 bene
4233 5299 4276 5344 si

3633 5390 3645 5410 ,
3662 5355 3854 5411 suerint
3876 5356 3938 5402 N.
4003 5357 4063 5399 1⁴
4091 5356 4202 5402 bene
4222 5374 4268 5403 τ.

3284 5472 3440 5517 mv
3468 5474 3498 5516 2
3518 5474 3660 5530 clepit
3679 5473 3931 5520 Schrader.
3995 5475 4025 5518 6
4051 5487 4194 5521 essem
4214 5475 4269 5531 F,
