4890 6561
788 1695 799 1707 ι

442 1708 552 1760 qu
616 1714 825 1745 ..φηςι
886 1718 955 1737 sn
1000 1718 1009 1729 ·

469 1788 480 1795 .
910 1784 917 1793 »

381 1804 531 1845 εἰκκᾸΜῩ
552 1802 587 1837 s
640 1822 643 1837 ἶ
676 1806 733 1831 U*
752 1808 829 1829 xv*
894 1832 899 1839 ·

1082 500 1147 549 28
2137 495 2306 548 SEX.
2355 495 2748 549 PROPERTI
2787 494 2936 547 LIB.
2987 492 3061 545 II
3089 492 3237 559 [III]

1146 658 1460 726 nescioquid
1484 659 1661 710 maius
1685 657 1928 710 nascitur
1953 658 2140 710 Iliade.
2742 674 2850 710 non
2874 662 3058 710 tamen
3082 658 3217 709 haec
3238 657 3340 709 ulli
3365 657 3587 709 uenient
3608 658 3828 723 ingrata
3848 658 4069 725 legenti,

1083 728 1145 775 tu
1169 725 1319 775 canis
1342 723 1581 775 umbrosi
1605 724 1792 775 subter
1816 724 2003 789 pineta
2024 724 2243 775 Galaesi
2807 724 2926 775 sine
2949 724 3005 775 in
3030 740 3211 775 amore
3234 723 3384 774 rudis
3407 724 3524 774 siue
3548 724 3756 789 peritus
3779 724 3912 784 erit;
4331 764 4336 769 .

1149 789 1384 853 Thyrsin
1408 798 1466 841 et
1488 788 1706 840 adtritis
1731 789 1989 854 Daphnin
2013 788 2425 847 harundinibuS,
2742 805 2842 839 nec
2866 789 3042 839 minor
3062 788 3150 839 hic
3173 788 3388 847 animia,
3415 794 3481 838 ut
3503 788 3576 838 sit
3600 788 3776 838 minor
3796 805 3903 851 ere,
3929 804 4161 840 canorus
4253 794 4316 837 ct*

1084 860 1256 919 utque
1279 855 1462 905 decem
1488 854 1695 918 possint
1717 870 2055 919 corrumpere
2079 854 2224 904 mala
2247 853 2474 920 puellas,
2809 854 3014 904 anseris
3037 852 3257 903 indocto
3279 853 3518 903 carmine
3541 853 3704 917 cessit
3727 853 3856 919 olor.
4011 906 4068 909 ὦ
4097 912 4122 919 ὴ
4199 864 4220 883 's

1148 919 1347 969 missus
1369 923 1428 969 et
1450 918 1705 983 inpressis
1728 918 1934 969 haedus
1957 918 2029 967 ab
2051 918 2325 969 uberibus.
2579 928 2643 981 70
2744 917 2877 969 haec
2901 934 2975 984 qu
3049 934 3117 968 ue
3140 916 3379 983 perfecte
3400 906 3842 968 ludebatTasene
3861 912 4059 980 Varro,
4241 921 4303 983 85

1082 982 1234 1042 felix,
1263 983 1357 1049 qui
1381 983 1519 1033 uiles
1544 983 1715 1048 pomis
1741 982 1995 1034 mercaris
2017 999 2227 1034 amores
2255 989 2266 1034 Ξ
2811 982 2984 1033 Varro
3086 983 3312 1033 ucadiae
3334 982 3579 1033 maxima
3601 982 3822 1033 flamma
3843 998 3975 1033 suae
3999 1002 4013 1042 ς

1149 1047 1276 1098 huic
1299 1047 1426 1098 licet
1448 1048 1695 1112 ingratae
1720 1048 1943 1113 Tityrus
1965 1047 2079 1113 ipse
2101 1054 2279 1098 canat.
2745 1047 2878 1098 haec
2938 1063 3116 1113 uoque
3139 1046 3332 1098 lasciui
3356 1052 3651 1097 cantarunt
3673 1047 3876 1113 scripta
3897 1047 4124 1110 Catulli,

1083 1111 1217 1163 felix
1241 1113 1507 1163 intactum
1535 1112 1784 1177 Corydon
1808 1112 1902 1177 qui
1928 1117 2163 1188 temptat
2187 1112 2390 1163 Alexin
2812 1064 3008 1163 Lesbia
3029 1111 3152 1178 quis
3176 1112 3295 1177 ipsa
3316 1111 3494 1162 notior
3515 1116 3601 1162 est
3627 1110 3840 1162 Helena
3861 1131 3876 1172 3
4175 1158 4208 1187 ό,
4227 1116 4274 1169 1,*
4303 1136 4311 1156 ·

1148 1177 1418 1241 agricolae
1439 1176 1647 1227 demini
1670 1193 1887 1242 carpere
1910 1175 2132 1227 delicias
2158 1184 2169 1228 l
2745 1176 2879 1228 haec
2902 1177 3068 1227 etiam
3092 1175 3239 1227 docti
3263 1175 3512 1227 confessa
3533 1180 3617 1226 est
3639 1176 3842 1241 pagina
3865 1176 4042 1238 Calui,
4183 1180 4216 1207 *²
4239 1178 4246 1183 ’

1085 1241 1339 1308 quamuis
1361 1242 1454 1292 ille
1477 1257 1579 1292 sua
1600 1242 1775 1292 lassus
1800 1242 2101 1307 requiescat
2124 1258 2321 1303 auena,
2580 1252 2639 1306 75
2808 1257 2932 1292 cum
2957 1250 3176 1292 caneret
3198 1241 3426 1292 miserae
3449 1241 3644 1291 funera
3667 1240 3970 1302 Quintiliae
3991 1260 4006 1301 ς
4240 1257 4305 1306 90

1150 1306 1411 1357 laudatur
1432 1306 1609 1356 facilis
1632 1306 1773 1356 inter
1798 1306 2228 1370 Hamadryadas.
2733 1308 2804 1359 'et
2826 1306 2985 1420 mogo
3007 1305 3244 1356 formosa
3265 1304 3363 1373 qQ'
3383 1303 3561 1356 multa
3586 1304 4067 1371 LycotjdefGallus
4153 1326 4212 1375 5..
4227 1333 4292 1364 μ,
4309 1332 4378 1357 «μ...

1086 1375 1148 1422 ut
1170 1371 1321 1422 canis
1344 1371 1568 1421 Ascraei
1592 1370 1792 1421 ueteris
1816 1376 2101 1436 praecepta
2124 1376 2331 1437 poetae,
2733 1422 2736 1431 ,
2811 1387 2900 1421 mo
2959 1387 3059 1421 uus
3081 1370 3295 1421 inferna
3317 1370 3550 1421 uulnera
3557 1370 3607 1434 f
3609 1370 3624 1419 l
3699 1370 3746 1421 it
3769 1386 3802 1420 a
3840 1386 3928 1421 ua.
4181 1384 4194 1421 J
4265 1430 4270 1435 q
4299 1382 4322 1425 s

1151 1452 1259 1501 quo
1281 1451 1435 1501 seges
1457 1435 1513 1485 in
1536 1451 1743 1500 campo,
1772 1451 1878 1500 quo
1902 1435 2043 1485 uiret
2067 1452 2179 1486 uua
2201 1436 2346 1501 iuge,
2747 1435 2990 1501 Cynthia
3011 1436 3143 1501 quin
3167 1435 3336 1486 etiam
3359 1451 3519 1485 uersu
3546 1387 3773 1485 lauffiia
3841 1435 4057 1501 roperti,
4079 1424 4094 1487 l.
4123 1430 4252 1473 Um:
4271 1432 4296 1453 “³

1085 1500 1196 1552 tale
1220 1500 1354 1550 facis
1377 1516 1592 1551 carmen
1616 1499 1777 1549 docta
1798 1499 2075 1550 testudine
2098 1499 2259 1575 quale
2812 1500 2911 1551 hes
2935 1500 3080 1552 inter
3102 1500 3149 1551 si
3171 1516 3259 1551 me
3281 1516 3480 1567 ponere
3505 1500 3678 1551 Fama
3700 1499 3864 1552 uolet.
4091 1494 4100 1511 ¹

1152 1564 1425 1631 Cynthius
1447 1564 1698 1631 inpositis
1722 1568 1993 1679 tlerluperat
2016 1565 2265 1659 articulis
2286 1585 2298 1616 ε
2392 1615 2413 1651 Ι,
2579 1565 2645 1616 80
2944 1571 2980 1627 Χ

1472 1636 1585 1695 ί...
1622 1654 1629 1665 ’
1674 1638 1727 1671 ⁵²³
1794 1664 1847 1674 υ
1934 1646 1937 1649 ’
1978 1640 2007 1663 “
2052 1632 2203 1670 ’Ἀῴ-
2306 1642 2378 1693 ‘5³⁴
2517 1638 2550 1665 ζ’

1622 1782 1631 1807 ἰ

1130 1698 1315 1723 Α’μηἾΊ
1348 1704 1385 1715 τ·
2451 1708 2456 1715 ι

1144 1741 1149 1751 ²
1314 1732 1375 1789 Ὶᾷ
1470 1752 1563 1780 ay,
1614 1752 1621 1757 “
1708 1762 1715 1769 .
1836 1742 1865 1765 x
1912 1732 1931 1751 ‘'
1962 1750 1967 1759 ι
2004 1724 2215 1756 ’(μυὴῑκ.
2250 1736 2262 1755 >
2302 1726 2321 1735 ‘
2406 1724 2417 1737 ‘
2485 1719 2526 1737 “‘

1097 1780 1105 1801 ἲ
1146 1790 1155 1799 2
1194 1782 1215 1797 ,ι
1378 1766 1393 1786 ¹
1462 1769 1485 1785 ⁸*
1730 1800 1733 1803 ‚
1964 1764 1969 1771 Ι

1210 1804 1215 1815 ,

1763 2073 2104 2145 LIBER
2168 2071 2659 2145 TERTIVS
2740 2072 2992 2168 [VEL
3065 2071 3623 2167 QVARTVS]

1820 2346 1823 2353 .
1857 2288 1923 2356 Γ
1942 2274 1971 2315 A
1988 2308 2009 2315 “
2748 2309 2818 2346 ne
2841 2310 2964 2345 mea
2985 2299 3295 2359 contempto
3320 2292 3460 2360 lapis
3482 2292 3685 2345 indicet
3707 2308 3831 2344 ossa
3852 2291 4116 2359 sepulcre,

1840 2380 1847 2385 *
1904 2370 1913 2375 ‘
2814 2359 3092 2426 prouisum
3115 2365 3200 2411 est
3224 2359 3390 2425 Lycio
3411 2363 3544 2410 uota
3565 2358 3829 2425 probante
3851 2358 3967 2409 deo.

1089 2419 1412 2473 Callimachi
1435 2420 1630 2471 Manes
1653 2425 1709 2472 et
1734 2421 1832 2472 Coi
1854 2436 2008 2471 sacra
2031 2419 2300 2482 Philetae,

1153 2486 1210 2536 in
1231 2490 1493 2546 uestrum,
1520 2502 1740 2550 quaese,
1768 2502 1853 2537 me
1876 2486 2039 2536 sinite
2064 2485 2141 2536 ire
2164 2501 2370 2537 nemus,

1087 2550 1294 2618 primus
1318 2565 1418 2615 ege
1440 2549 1712 2613 ingredior
1735 2566 1869 2615 pure
1891 2550 1957 2600 de
1981 2549 2134 2600 fonte
2157 2550 2406 2601 sacerdes
3354 2565 3411 2615 11
3445 2566 3496 2628 [1
3520 2566 3695 2627 39-64]

1156 2614 1301 2665 Itala
1323 2631 1417 2680 per
1440 2614 1630 2665 Graios
1654 2614 1805 2680 orgia
1826 2613 1962 2665 ferre
1985 2614 2188 2664 choros.

1087 2680 1270 2740 dicite,
1296 2696 1406 2745 quo
1465 2679 1629 2729 ariter
1651 2695 1866 2731 carmen
1890 2679 2160 2730 tenuastis
2184 2678 2239 2729 in
2263 2683 2423 2729 antro
2442 2683 2465 2730 ἲ
2617 2691 2645 2744 5
2750 2678 3020 2731 Carminis
3043 2679 3254 2730 interea
3275 2678 3448 2730 nostri
3470 2677 3756 2729 redeamus
3777 2676 3835 2728 in
3860 2676 4044 2729 orbem
4063 2696 4079 2738 ;
4194 2687 4216 2727 1
4240 2691 4303 2740 39

1154 2761 1331 2810 queue
1355 2760 1421 2810 pe
1460 2760 1490 2795 e
1513 2744 1778 2808 ingressi?
1811 2760 2048 2810 quamue
2075 2744 2289 2794 bibistis
2312 2760 2514 2810 aquarn
2535 2748 2556 2793 ἲ
2813 2744 3054 2809 gaudeat
3077 2744 3132 2795 in
3156 2743 3318 2795 solito
3342 2748 3493 2794 tacta
3517 2742 3699 2809 puella
3721 2758 3866 2793 sone.
4194 2752 4216 2792 1
4238 2757 4304 2804 40

1088 2826 1123 2862 a
1145 2810 1348 2869 ualeat,
1377 2808 1656 2860 Phoebum
1679 2809 2007 2875 quicumque
2032 2815 2276 2859 moratur
2296 2808 2353 2859 in
2378 2809 2544 2859 armis
2569 2815 2581 2860 ἔ
2750 2808 2826 2859 Or
2864 2809 2968 2859 bea
2988 2809 3254 2860 delenisse
3278 2808 3419 2859 feras
3443 2812 3499 2858 et
3522 2807 3733 2858 concita
3755 2806 3947 2858 dicunt
4277 2821 4296 2856 1

1102 2909 1119 2916 -
1153 2880 1382 2925 exactus
1407 2874 1559 2925 tenui
1584 2874 1797 2939 pumice
1821 2890 2011 2925 uersus
2034 2878 2157 2933 eat;
2854 2874 3042 2924 nmina
3064 2872 3313 2924 Threicia
3335 2872 3656 2923 sustinuisse
3682 2873 3836 2938 lyra3

1087 2956 1196 3006 que
1220 2955 1305 2990 me
1329 2939 1501 2989 Fama
1524 2938 1674 2990 leuat
1698 2944 1772 2989 tei
1782 2955 1843 2989 ra
1864 2938 2129 2997 sublimis,
2158 2942 2215 2989 et
2236 2953 2271 2987 a
2294 2953 2381 2988 me
2749 2953 2886 2988 saxa
2911 2937 3251 2989 Cithaeronis
3275 2936 3489 2989 Thebas
3512 2954 3546 2987 a
3587 2938 3726 2988 'tata
3749 2953 3842 3003 per
3864 2941 4037 2987 artem

1153 3011 1286 3054 nata
1308 3004 1576 3054 coronatis
1602 3003 1765 3054 Musa
1787 3002 2091 3067 triumphat
2114 3002 2286 3068 equis,
2591 3017 2651 3053 10
2815 3010 3007 3067 sponte
3029 3019 3130 3053 sua
3153 3003 3209 3052 in
3234 3002 3376 3053 muri
3399 3018 3539 3053 mem
3581 3018 3642 3052 ra
3663 3003 3834 3052 coisse
3858 3000 4043 3052 ferunt
4062 3019 4076 3060 3

1087 3073 1145 3121 et
1170 3085 1379 3119 mecum
1403 3068 1458 3118 in
1484 3085 1645 3119 curru
1669 3068 1823 3133 parui
1846 3073 2138 3119 nectantur
2161 3068 2406 3128 Amores,
2750 3067 2882 3133 quin
2907 3068 3093 3128 etiam,
3122 3067 3473 3132 Polypheme,
3500 3065 3617 3118 fera
3640 3066 3874 3117 Galatea
3896 3066 3999 3116 sub
4021 3067 4207 3117 Aetna
4274 3078 4300 3130 5

1155 3133 1259 3183 scri
1299 3138 1585 3198 torumque
1609 3149 1757 3183 meas
1782 3133 1945 3183 turba
1965 3138 2153 3183 secuta
2175 3136 2337 3182 retas.
2815 3132 2884 3182 ad
2907 3138 3008 3184 tua
3031 3137 3276 3183 rorantes
3298 3132 3542 3182 carmina
3564 3131 3718 3182 flexit
3740 3146 3907 3206 eques
3929 3151 3942 3182 ε

1088 3198 1219 3264 quid
1268 3202 1448 3248 rustra
1471 3197 1648 3247 missis
1670 3197 1727 3247 in
1753 3214 1837 3248 me
1862 3197 2084 3248 certatis
2106 3195 2367 3247 habenis?
2750 3197 3021 3259 miremur,
3049 3197 3204 3247 nobis
3226 3201 3282 3247 et
3308 3196 3517 3247 Baccho
3539 3200 3597 3247 et
3618 3195 3875 3261 Apolline
3898 3195 4108 3256 dextre,

1154 3279 1262 3313 non
1289 3261 1454 3313 datur
1475 3262 1551 3318 ad
1572 3263 1762 3313 Musas
1786 3278 1995 3313 currere
2020 3260 2137 3313 lata
2159 3261 2266 3312 uia.
2814 3262 2979 3314 turba
3002 3262 3306 3328 puellarum
3329 3261 3375 3312 si
3400 3277 3522 3313 mea
3543 3261 3714 3312 uerba
3734 3259 3905 3312 colit?

1090 3327 1269 3386 multi,
1298 3327 1489 3385 Roma,
1520 3331 1645 3377 tuas
1670 3327 1858 3376 laudes
1882 3326 2171 3376 annalibus
2193 3324 2415 3386 addent,
2591 3338 2647 3390 15
2750 3327 2894 3393 quod
2918 3344 3024 3377 non
3049 3327 3341 3378 Taenareis
3364 3327 3556 3377 demus
3579 3332 3663 3378 est
3696 3326 3832 3377 mihi
3855 3325 3997 3377 fulta
4018 3324 4300 3385 columnis,

1191 3391 1251 3442 ui
1274 3391 1437 3440 finem
1459 3390 1671 3455 imperii
1696 3391 1893 3440 Bactra
1916 3390 2103 3440 futura
2124 3394 2351 3441 canent:
2815 3407 2913 3442 nec
2935 3408 3149 3443 camera
3169 3398 3391 3442 auratas
3413 3390 3558 3443 inter
3580 3391 3787 3442 eburna
3811 3391 4008 3452 trabeS,
4247 3405 4305 3440 ιο

1087 3408 1201 3515 sedl,
1230 3455 1374 3520 quod
1399 3471 1529 3519 pace
1553 3454 1718 3520 legas,
1746 3471 1881 3520 opus
1902 3454 2003 3505 hoc
2021 3453 2088 3504 de
2111 3460 2295 3505 mente
2318 3470 2561 3506 sororum
2750 3472 2848 3507 nec
2871 3471 2994 3506 mea
3019 3456 3291 3507 Phaeacas
3313 3472 3378 3507 ae
3418 3460 3554 3506 uant
3577 3455 3821 3523 pomaria
3842 3455 4028 3515 siluas,

1154 3519 1356 3571 detulit
1381 3519 1592 3570 intacta
1615 3519 1816 3585 pagina
1836 3524 2025 3570 nostra
2045 3519 2153 3569 uia.
2816 3537 2924 3570 non
2947 3537 3172 3586 operosa
3194 3520 3336 3587 rigat
3361 3521 3397 3571 a
3424 3521 3602 3571 arcius
3624 3525 3787 3572 antra
3810 3520 3984 3586 liquor
4008 3540 4021 3571 :

1089 3584 1292 3646 mollia,
1323 3584 1629 3650 PegasideS,
1656 3584 1786 3636 date
1807 3590 1991 3635 uestro
2014 3590 2159 3635 serta
2181 3587 2406 3650 poetae:
2749 3589 2810 3636 at
2835 3585 3028 3636 Musae
3050 3586 3275 3636 comites
3298 3591 3354 3637 et
3375 3586 3618 3637 carmina
3641 3602 3767 3636 cara
3788 3585 4009 3651 legenti,

1154 3667 1261 3701 non
1285 3650 1451 3701 faciet
1474 3650 1643 3726 capiti
1665 3649 1804 3700 dura
1824 3665 2020 3700 corona
2042 3665 2176 3700 meo.
2585 3664 2651 3700 20
2815 3654 2870 3700 et
2893 3650 3106 3701 defessa
3127 3650 3302 3701 choris
3327 3649 3607 3716 Calliopea
3630 3650 3778 3701 maie.

1088 3719 1148 3766 at
1172 3714 1305 3766 mihi
1330 3714 1473 3781 quod
1498 3731 1627 3765 uiue
1650 3715 1952 3766 detraxerit
1975 3714 2166 3764 inuida
2189 3712 2367 3774 turba,
2750 3713 3050 3777 fortunata,
3080 3731 3199 3765 meo
3221 3715 3381 3780 siqua
3401 3731 3458 3766 es
3481 3715 3755 3766 celebrata
3776 3713 3961 3765 libello
3983 3719 3994 3764 !
4246 3725 4303 3777 15

1153 3786 1276 3845 post
1299 3779 1509 3830 ebitum
1533 3779 1768 3845 duplicei
1790 3778 2008 3830 faenore
2031 3778 2219 3829 reddet
2244 3778 2445 3828 Honos.
2814 3780 3056 3831 carmina
3078 3784 3239 3830 erunt
3262 3780 3466 3831 formae
3490 3784 3575 3830 tet
3598 3785 3952 3830 monumenta
3977 3783 4121 3829 tuae.

1087 3845 1272 3895 omnia
1296 3851 1418 3909 post
1440 3843 1651 3895 ebitum
1677 3843 1835 3908 fingit
1857 3843 2064 3894 maiora
2087 3847 2370 3903 uetustas3
2750 3860 2876 3895 nam
2901 3860 3076 3910 neque
3099 3844 3444 3958 lfffflmi‘lum
3465 3849 3718 3909 sumptus
3739 3843 3808 3894 ad
3832 3843 4012 3894 sidera
4033 3841 4204 3906 ducti,

1153 3909 1330 3959 maius
1354 3908 1425 3959 ab
1447 3909 1692 3974 exequiis
1716 3924 1912 3958 nemen
1935 3907 1993 3958 in
2017 3923 2113 3958 ora
2134 3906 2302 3957 uenit.
2815 3925 2914 3960 nec
2938 3909 3088 3959 Iouis
3162 3908 3231 3960 lei
3254 3908 3465 3960 caelum
3490 3909 3712 3960 imitata
3734 3908 3943 3970 domus,

1088 3989 1216 4024 nam
1240 3973 1362 4039 quis
1385 3989 1525 4039 equo
1586 3973 1732 4024 ulsas
1754 3971 1984 4038 abiegno
2009 3976 2251 4022 nosceret
2273 3987 2440 4033 arceS,
2585 3986 2647 4038 25
2750 3989 2847 4024 nec
2873 3972 3143 4025 Mausolei
3166 3973 3320 4024 diues
3342 3972 3564 4024 fortuna
3587 3973 3857 4040 sepulchri

1154 4038 1487 4103 fluminaque
1569 4038 1816 4090 aemonio
1838 4037 2139 4088 comminus
2162 4037 2268 4087 isse
2291 4036 2426 4096 uire,
2815 4038 3006 4089 mertis
3029 4039 3100 4090 ab
3123 4045 3370 4089 extrema
3391 4037 3702 4088 condicione
3726 4041 3941 4088 uacant.
4241 4051 4307 4088 20

1090 4101 1314 4154 Idaeum
1339 4103 1621 4154 Simoenta
1645 4102 1793 4154 Iouis
1815 4118 1939 4153 cum
1954 4102 2106 4167 prole
2129 4101 2482 4162 Scamandro,
2749 4109 2849 4154 aut
2872 4102 2982 4153 illis
3006 4103 3226 4154 flamma
3249 4109 3348 4154 aut
3369 4102 3542 4154 imber
3564 4102 3832 4153 subducet
3855 4101 4101 4164 honores,

1154 4167 1392 4218 Hectora
1414 4174 1499 4219 ter
1521 4184 1737 4233 campos
1762 4171 1846 4218 ter
1868 4166 2167 4217 maculasse
2191 4171 2374 4216 retas?
2815 4183 3078 4218 annorum
3101 4174 3202 4219 aut
3223 4168 3364 4218 ictus
3387 4166 3626 4233 pondera
3651 4167 3798 4217 uicta
3820 4171 3993 4218 ruent.

1087 4231 1542 4306 Deiphobumque
1575 4231 1955 4297 Helenumque
1991 4235 2047 4282 et
2082 4229 2484 4296 Polydamanta
2514 4234 2567 4282 ct
2590 4230 2646 4281 in
2749 4236 2810 4283 at
2832 4248 2940 4282 non
2964 4233 3182 4299 ingenie
3204 4232 3516 4298 quaesitum
3540 4248 3737 4283 nemen
3760 4231 3830 4282 ab
3853 4247 3992 4282 aeuo

1284 4311 1449 4346 arnus
2815 4296 3060 4349 excidet:
3097 4297 3315 4364 ingenio
3337 4301 3451 4349 stat
3473 4297 3590 4349 sine
3614 4301 3786 4348 morte
3808 4296 3989 4347 decus.

1151 4359 1604 4435 qualemcumque
1629 4357 1792 4409 Parin
1818 4357 1911 4408 uix
1936 4374 2037 4433 sua
2060 4363 2241 4409 nosset
2265 4357 2481 4409 humus,
2585 4374 2649 4425 30

1085 4441 1286 4488 exigue
1308 4440 1551 4475 sermone
1574 4423 1716 4475 fores
1739 4439 1900 4484 nunc,
1931 4422 2089 4483 Ilion,
2116 4426 2173 4473 et
2197 4428 2279 4484 tu,

1154 4487 1332 4551 Troia,
1363 4488 1444 4539 bis
1469 4489 1661 4540 Oetaei
1686 4487 1909 4538 numine
1932 4493 2095 4553 capta
2118 4487 2221 4538 dei.
3387 4457 3504 4554 (111
3538 4504 3643 4570 [11]

1086 4570 1188 4606 nec
1210 4571 1316 4604 non
1341 4553 1433 4605 ille
1457 4553 1540 4605 tui
1564 4570 1722 4605 casus
1745 4557 2071 4604 memorator
2097 4553 2366 4604 Homerus

1153 4619 1474 4685 posteritate
1496 4636 1654 4670 suum
1676 4634 1910 4670 crescere
1933 4617 2104 4668 sensit
2127 4633 2277 4683 opus.
2751 4618 2918 4670 Visus
2942 4633 3090 4670 eram
3115 4617 3268 4670 melli
3289 4619 3555 4670 recubans
3580 4619 3858 4670 Heliconis
3880 4619 3938 4670 in
3962 4618 4173 4680 umbra,

1085 4700 1172 4735 me
1212 4701 1281 4735 ue
1305 4685 1452 4736 inter
1474 4701 1620 4736 seros
1644 4682 1897 4735 laudabit
1919 4683 2095 4733 Roma
2113 4687 2337 4748 nepotes
2361 4704 2373 4735 ι
2585 4695 2647 4749 35
2817 4683 3032 4734 Bellero
3071 4684 3259 4734 hontei
3281 4701 3392 4750 qua
3414 4684 3537 4735 fluit
3559 4701 3714 4735 umor
3735 4684 3878 4749 equi,

1156 4750 1167 4761 ‘
1216 4766 1309 4801 um
1331 4754 1457 4817 pest
1476 4750 1683 4801 cineres
1704 4763 1941 4815 auguror
1963 4748 2078 4814 ipse
2101 4747 2260 4799 diem.
2751 4764 2922 4815 reges,
2950 4749 3024 4800 Al
3065 4765 3115 4812 a,
3142 4755 3269 4800 tues
3292 4756 3349 4801 et
3372 4766 3560 4816 regum
3583 4749 3731 4800 facta
3753 4755 3990 4811 tuorum,

1205 4913 1405 4958 mlv
1433 4916 1492 4958 72
1522 4915 1637 4960 hinc
1667 4913 1725 4961 Ο.
1771 4915 1881 4969 ipsa
1911 4923 1971 4970 52,
2006 4928 2127 4960 corr.
2163 4915 2229 4960 fv
2250 4928 2345 4971 mg.
2410 4914 2470 4957 ⁷5
2500 4927 2688 4960 avenas
2715 4914 2854 4961 codd.
2890 4914 3043 4970 Pasa,
3068 4928 3430 4961 suas—aueum
3456 4915 3589 4962 Pasa.
3654 4916 3712 4960 77
3741 4920 3796 4960 ut
3827 4929 3929 4970 nos,
3965 4919 4021 4960 tu
4051 4924 4128 4969 523
4159 4913 4308 4958 77-80

1089 4978 1201 5033 post
1232 4976 1290 5018 66
1320 4974 1460 5032 ponit
1483 4973 1709 5019 Ribbeck.
1775 4973 1835 5017 78
1864 4973 2006 5017 herba
2031 4973 2093 5018 D.
2139 4975 2273 5018 uenit
2305 4972 2558 5029 Schrader,
2583 4976 2714 5029 τήρει
2744 4973 2848 5019 eod.
2874 4974 3159 5032 nescioquis.
3224 4975 3284 5017 83
3312 4976 3392 5020 hic
3417 4975 3561 5021 Lach.
3587 4974 3662 5020 ed.
3688 4973 4029 5020 Berolinensis.
4073 4974 4232 5018 animi
4253 4982 4302 5019 ο.

1089 5038 1179 5079 aut
1199 5035 1292 5079 sim
1313 5042 1371 5086 Ω,
1398 5047 1516 5078 corr.
1543 5033 1749 5078 Housm.
1814 5032 1872 5075 91
1894 5045 2043 5088 quam
2064 5041 2122 5077 52.
2187 5031 2246 5075 92
2257 5030 2398 5086 fleuit
2419 5031 2518 5086 (Le.
2546 5032 2660 5076 flere
2681 5047 2778 5076 non
2799 5031 3013 5087 destitit)
3035 5046 3140 5088 nos,
3162 5032 3226 5078 cf.
3252 5033 3326 5077 IV
3347 5034 3392 5079 4.
3415 5033 3474 5079 39
3492 5048 3583 5091 sq„
3610 5034 3738 5079 lauit
3759 5043 3816 5078 Ω.

1208 5092 1284 5137 111
1317 5090 1341 5134 1
1361 5092 1389 5134 1
1410 5105 1551 5137 sacra
1565 5101 1623 5148 Ω,
1640 5091 1757 5148 fata
1787 5090 1961 5137 Baehr.
1989 5087 2250 5145 (‘umbra,‘
2269 5090 2331 5135 cf.
2360 5090 2490 5136 Mela
2520 5091 2570 5135 11
2603 5089 2666 5146 2).
2730 5092 2760 5134 δ
2782 5092 3005 5136 tenuistis
3025 5091 3084 5136 O.
3148 5091 3207 5133 18
3227 5093 3446 5137 inmissis
3466 5092 3696 5138 Aur-atus.
3760 5092 3821 5134 22
3849 5091 4015 5137 reddet
4035 5091 4059 5137 f
4072 5105 4120 5147 v,
4141 5089 4305 5136 reddit

1087 5160 1146 5196 Ω.
1191 5163 1315 5195 enus
1344 5159 1403 5195 Ω.
1468 5151 1527 5193 23
1555 5152 1721 5195 omnia
1752 5149 1811 5204 O,
1839 5149 2007 5206 famae
2028 5148 2076 5193 N
2096 5148 2222 5194 latet
2251 5148 2317 5194 ali
2352 5147 2452 5194 uid.
2497 5153 2711 5194 uetustae
2740 5149 2802 5195 N.
2869 5149 2927 5192 25
2952 5149 3124 5205 pulsas
3150 5153 3445 5207 suspectum,
3470 5150 3585 5196 fort.
3607 5164 3812 5220 pessus.
3858 5155 3989 5195 artes
4008 5159 4067 5196 Ω.
4131 5151 4190 5193 26
4210 5162 4306 5195 esse

1085 5209 1133 5254 D
1151 5208 1214 5264 N,
1240 5209 1323 5253 ille
1343 5207 1395 5253 F.
1450 5208 1509 5251 27
1529 5208 1642 5264 cu(a
1664 5207 1905 5263 Lmabula
1922 5209 2076 5264 parui
2091 5208 2149 5262 Ο,
2175 5222 2269 5253 om.
2342 5241 2354 5262 ,
2380 5222 2500 5252 cerr.
2528 5208 2586 5253 G.
2607 5206 2777 5253 Wolff.
2833 5208 2892 5251 28
2912 5213 2985 5253 ter
3004 5208 3106 5254 ced.
3134 5208 3285 5263 Pasa,
3311 5223 3395 5266 per
3411 5219 3468 5255 Ω.
3524 5210 3584 5253 29
3604 5212 3675 5255 lta
3696 5208 3860 5265 Lach„
3881 5208 4024 5266 pust,
4038 5222 4105 5265 po
4122 5218 4158 5254 Δ
4177 5208 4304 5262 Nui-

1086 5269 1340 5313 damantes
1369 5269 1426 5313 in
1454 5281 1501 5312 a.
1531 5276 1589 5322 Ω,
1622 5268 1986 5322 Polydamanta
2010 5266 2094 5311 aab
2126 5281 2172 5312 a.
2210 5265 2314 5312 cod.
2352 5265 2487 5311 Pass.
2553 5267 2612 5309 38
2645 5270 2713 5311 est
2747 5280 2841 5313 em.
2880 5275 2927 5312 Φ.
2993 5268 3051 5310 89
3081 5267 3194 5312 hinc
3224 5281 3408 5313 nouum
3428 5281 3623 5314 cannen
3645 5278 3703 5323 Ω,
3728 5267 3836 5314 edd.
3863 5267 4008 5313 multi
4028 5268 4090 5313 ab
4113 5267 4307 5323 Orphea

1084 5327 1342 5384 incipiunt,
1381 5324 1525 5371 multi
1557 5340 1669 5371 cum
1699 5325 1938 5429 prioribus
1972 5325 2289 5382 coniungunt.
2368 5325 2427 5367 40
2463 5325 2521 5370 in
2553 5334 2611 5380 Ω,
2648 5329 2706 5370 ut
2737 5339 2768 5369 v
2801 5325 2930 5383 quod
2966 5325 3140 5371 melius
3172 5326 3266 5371 nisi
3301 5327 3431 5372 laeta
3465 5326 3608 5372 malis
3642 5326 3814 5384 legere.
3938 5325 3988 5369 11
4017 5327 4045 5369 1
4075 5327 4306 5372 delenisse

1087 5386 1358 5444 Ayrmann,
1398 5384 1662 5430 detinuisse
1764 5383 1809 5427 N
1845 5382 1977 5442 quod
2018 5383 2216 5429 defendi
2256 5385 2438 5441 potest,
2475 5384 2741 5430 detenuisse
2773 5383 2811 5429 F
2833 5383 2894 5440 V,
2936 5389 2979 5430 tc
3019 5386 3226 5430 tenuisse
3259 5386 3324 5431 D.
3401 5386 3429 5428 2
3460 5385 3642 5441 su(b)⁸t.
3680 5396 3712 5430 Φ
3733 5385 3797 5441 N,
3829 5385 3923 5430 det.
3961 5395 4014 5430 Δ.
4091 5386 4120 5428 7
4150 5384 4302 5430 nobis.

1086 5449 1249 5490 nestro
1282 5452 1329 5489 Φ.
1394 5443 1452 5486 11
1485 5443 1711 5500 phaeam'as
1741 5452 1799 5488 Ω.
1864 5443 1924 5485 12
1952 5444 2168 5488 martius
2197 5451 2255 5488 Ω.
2321 5442 2381 5485 13
2410 5444 2601 5488 comites
2631 5442 2712 5499 fv,
2754 5445 2942 5490 comitis
2978 5442 3020 5499 (ε
3052 5457 3145 5489 orn.
3182 5442 3235 5499 Φ)
3268 5453 3326 5489 Ω.
3369 5449 3514 5499 yram
3546 5461 3591 5490 ς.
3658 5445 3719 5487 14
3746 5458 3830 5490 nec
3860 5444 3907 5489 d.
3942 5443 4119 5490 Baehr.
4144 5443 4299 5490 Palm.

1087 5503 1173 5608 bed
1209 5503 1271 5548 cf.
1309 5502 1458 5607 StatiI
1475 5501 1597 5548 Silu.
1634 5501 1657 5547 1
1690 5501 1733 5548 5.
1771 5501 1815 5548 2.
1880 5502 1940 5545 1⁸
1969 5507 2038 5548 eet
2068 5509 2129 5549 Ω.
2191 5501 2252 5544 20
2284 5505 2430 5547 uacat
2465 5500 2573 5548 AL.
2637 5502 2696 5546 22
2728 5503 2855 5550 ictas
2884 5513 2920 5549 Δ
2955 5503 3180 5559 Ηοιιεω.,
3215 5504 3316 5548 ictu
3347 5502 3466 5550 FN.
3505 5503 3719 5561 pondere
3750 5502 3922 5550 ALN.
4045 5501 4118 5546 111
4147 5504 4178 5547 5
4204 5503 4308 5548 iam

1136 5566 1314 5620 uyetus
1334 5564 1386 5607 et
1460 5560 1578 5608 eins.
