4890 6561
366 2420 560 2472 XXIV

313 2487 427 2549 [III
454 2484 611 2548 xviii]

1703 510 1871 563 SEX.
1921 510 2311 563 PROPERTI
2351 509 2499 562 LIB.
2549 510 2622 562 II
2649 510 2794 575 [III]

1135 816 1331 869 xxm
1366 816 1477 880 [111
1501 817 1694 880 xvn]

734 934 836 987 Cui
860 932 1120 999 fugienda
1142 932 1251 983 fuit
1274 931 1479 982 indocti
1503 931 1699 982 semita
1723 930 1894 997 uulgi,

796 1001 916 1065 ipsa
939 998 1112 1064 petita
1136 997 1256 1048 lacu
1278 1012 1422 1047 nunc
1440 996 1574 1047 mihi
1595 995 1771 1047 dulcis
1793 1012 1939 1061 aqua
1961 999 2058 1045 est.

732 1064 1002 1179 ingenuus
1025 1062 1315 1138 quisquam
1339 1061 1565 1176 altggiqs
1588 1061 1935 1176 datdmunera
1945 1075 2133 1159 'serum

797 1146 835 1180 ιι
923 1143 1147 1178 romissa
1168 1143 1299 1177 suae
1322 1142 1419 1177 uer
1536 1142 1628 1177 era
1714 1141 1927 1175 ommae
1950 1165 1962 1176 .

730 1199 788 1245 et
802 1144 1017 1260 qugerit
1032 1192 1233 1243 totiens
1253 1196 1546 1258 ‘quaenam
1562 1207 1705 1240 nunc
1721 1190 1957 1255 porticus
1973 1188 2125 1239 illam
2163 1201 2190 1255 5

797 1258 994 1322 integit
1012 1263 1032 1307 2
1050 1258 1062 1279 '
1097 1262 1154 1307 et
1181 1262 1194 1283 ⁸
1212 1271 1404 1331 campo
1426 1271 1535 1321 quo
1558 1262 1742 1305 mouet
1764 1253 1862 1305 illa
1992 1271 2047 1305 es
2066 1259 2086 1303 2²
2116 1254 2127 1274 '

731 1323 944 1382 deinde,
974 1321 1067 1372 ubi
1089 1320 1375 1387 pertuleris
1398 1336 1534 1385 quos
1557 1320 1692 1371 dicit
1714 1318 1863 1370 fama
1907 1319 2095 1369 abores

798 1386 1066 1446 Herculis,
1093 1391 1157 1436 ut
1180 1385 1381 1435 scribat
1408 1392 1421 1412 ‘
1441 1385 1680 1435 muneris
1704 1384 1899 1450 ecquid
1924 1384 2128 1434 habes?
2147 1382 2160 1405 ’

731 1468 949 1504 cernere
972 1451 1055 1502 uti
1081 1450 1251 1525 possis
1274 1450 1492 1500 uultum
1515 1448 1754 1500 custodis
1776 1449 1965 1509 amari,

795 1522 988 1582 captus
1009 1521 1068 1566 et
1089 1514 1356 1566 inmunda
1375 1530 1537 1580 saepe
1560 1514 1729 1564 latere
1752 1519 1913 1564 casa?

732 1597 897 1648 qnam
921 1596 1043 1631 care
1065 1579 1230 1631 semel
1257 1580 1314 1629 in
1339 1583 1455 1629 toto
1478 1595 1584 1628 nox
1610 1578 1845 1629 uertitur
1867 1594 2010 1628 anno
2035 1584 2046 1629 !

797 1662 832 1696 a
854 1649 1097 1711 pereant,
1124 1645 1308 1709 siquos
1331 1644 1499 1694 ianua
1521 1642 1707 1694 clausa
1729 1644 1887 1693 iuuat
1912 1650 1923 1693 !

733 1716 941 1771 contra,
969 1709 1166 1760 reiecto
1189 1724 1330 1774 quae
1353 1708 1525 1759 libera
1546 1708 1704 1758 uadit
1726 1707 1951 1768 amictu,

796 1774 1085 1826 custodum
1108 1779 1164 1824 et
1187 1771 1339 1823 nullo
1361 1778 1553 1838 saepta
1575 1772 1785 1832 timore,
1850 1771 1991 1823 lacet
2011 1790 2025 1831 ς

732 1840 821 1892 cui
842 1855 1003 1915 saepe
1027 1838 1290 1889 inmundo
1307 1838 1472 1889 Sacra
1485 1837 1785 1888 conteritur
1853 1837 1907 1888 ia
1923 1851 2092 1899 socco,
2137 1850 2193 1901 15

797 1921 895 1955 nec
916 1903 1050 1955 sinit
1073 1919 1189 1954 esse
1212 1918 1437 1962 moram,
1463 1902 1635 1968 siquis
1656 1901 1808 1953 adire
1831 1901 1984 1952 uelit.

732 1968 948 2020 differet
963 1969 1095 2019 haec
1110 1983 1405 2033 numquam
1422 1982 1520 2018 nec
1695 1971 1718 2016 t
1730 1966 1966 2032 garrula,
1980 1965 2123 2032 quod
2140 1968 2194 2017 te

796 2033 1056 2085 astrictus
1080 2032 1254 2108 ploret
1275 2047 1437 2097 saepe
1459 2031 1494 2081 d
1570 2031 1581 2042 ”
1694 2038 1884 2097 pater;

732 2115 831 2150 nec
854 2099 1000 2149 dicet
1026 2101 1039 2124 ⁸
1066 2103 1249 2157 timec,
1278 2112 1505 2172 propera
1526 2097 1636 2147 iam
1660 2112 1895 2161 surgere,
1924 2112 2125 2163 quaeso
2147 2116 2159 2146 ε

795 2163 1006 2221 infelix,
1037 2162 1194 2212 hodie
1219 2162 1303 2212 uir
1327 2161 1463 2211 mihi
1485 2177 1607 2212 rure
1630 2160 1822 2212 uenit.’
2132 2175 2196 2211 20

732 2232 789 2279 et
812 2243 950 2294 quas
973 2227 1279 2292 Euphrates
1301 2232 1360 2277 et
1382 2241 1520 2292 quas
1543 2225 1678 2276 mihi
1702 2225 1853 2276 misit
1876 2225 2125 2287 Orontes,

798 2308 884 2343 me
906 2292 1108 2343 inerint
1130 2313 1141 2342 z
1179 2291 1347 2342 nolim
1371 2290 1522 2341 furta
1545 2290 1776 2356 pigenda
1798 2290 1921 2341 tori.

732 2357 959 2409 libertas
1019 2357 1240 2407 uoniam
1263 2355 1419 2407 nulla
1439 2354 1595 2406 illam
1620 2361 1791 2406 restat
1813 2355 2040 2417 amanti,

798 2421 984 2473 nullus
1030 2421 1144 2471 iber
1166 2421 1289 2481 erit,
1316 2420 1488 2496 siquis
1511 2435 1695 2470 amare
1720 2419 1884 2471 nolet.

739 2491 753 2515 ‘
773 2490 836 2537 tu
858 2486 1113 2552 quereriS,
1141 2501 1262 2536 cum
1287 2485 1361 2535 sis
1386 2501 1495 2536 iam
1519 2490 1649 2535 noto
1672 2483 1862 2535 fabula
1883 2484 2040 2546 libro,
2169 2498 2187 2534 1

799 2557 856 2602 et
879 2556 981 2602 tua
996 2551 1069 2601 sit
1093 2557 1211 2602 toto
1236 2549 1478 2616 Cynthia
1500 2548 1643 2601 lecta
1665 2549 1780 2600 foro
1795 2549 1838 2601 ‘2‘

734 2616 823 2668 cui
847 2632 954 2667 non
979 2615 1065 2666 his
1087 2615 1268 2666 uerbis
1292 2631 1352 2665 as
1422 2619 1547 2679 rgat
1568 2619 1816 2680 tempora
1837 2613 2039 2666 sudor?

798 2697 849 2742 a,
878 2680 1051 2746 pudor
1072 2680 1323 2745 ingenuis
1384 2684 1485 2730 aut
1509 2679 1815 2730 reticendus
1838 2694 2003 2730 amor.

733 2746 878 2813 qnod
902 2745 948 2795 si
970 2750 1086 2796 tam
1110 2744 1287 2795 facilis
1309 2744 1539 2809 spiraret
1564 2743 1806 2809 Cynthia
1827 2743 1999 2806 nobiS,
2168 2755 2196 2809 5

798 2827 906 2862 non
925 2826 1024 2875 ego
1046 2809 1326 2875 nequitiae
1348 2808 1554 2859 dicerer
1575 2824 1691 2859 oese
1712 2814 1895 2874 caput,

735 2891 832 2927 nec
855 2875 933 2925 sic
956 2891 1051 2940 per
1071 2878 1246 2925 totam
1270 2872 1492 2924 infamis
1513 2873 1825 2924 traducerer
1847 2872 2053 2934 urbem,

800 2955 982 2990 urerer
1003 2944 1059 3014 ες
1084 2937 1337 3014 quamuis
1360 2954 1471 2989 non
1490 2938 1641 2998 bene,
1670 2937 1838 2989 uerba
1862 2938 2061 2989 darem.

736 3020 904 3070 quare
927 3020 995 3055 ne
1016 3004 1119 3054 t1b1
1143 3010 1216 3053 sit
1241 3004 1436 3053 mirum
1461 3019 1547 3054 me
1608 3019 1829 3053 uaerere
1852 3002 1990 3053 uiles
2011 3023 2022 3053 x

801 3069 1014 3135 parcius
1039 3067 1343 3119 infamant:
1380 3084 1513 3117 num
1538 3068 1580 3117 ti
1621 3068 1640 3117 i
1665 3084 1831 3118 causa
1853 3066 2031 3117 leuis?

738 3135 824 3199 (et
847 3133 1006 3184 modo
1101 3132 1259 3184 uonis
1282 3132 1489 3183 caudae
1512 3130 1730 3183 flabella
1752 3132 2017 3197 superbae

801 3203 859 3249 et
882 3198 1027 3248 mani
1069 3212 1133 3247 us
1156 3197 1295 3247 dura
1317 3196 1488 3262 frigus
1512 3196 1709 3247 habere
1732 3196 1845 3262 pila

737 3268 795 3315 et
817 3262 969 3329 cupit
991 3262 1191 3314 iratum
1217 3261 1358 3314 talos
1382 3278 1467 3313 me
1491 3277 1706 3338 poscere
1729 3262 1979 3323 eburnos,

800 3344 1049 3394 quaeque
1073 3328 1255 3379 nitent
1278 3327 1442 3378 Sacra
1466 3326 1600 3378 uilia
1623 3327 1769 3379 dona
1793 3327 1910 3378 Via.

736 3408 772 3444 a
794 3409 1027 3468 peream,
1054 3393 1101 3443 si
1125 3408 1211 3469 me
1234 3392 1343 3467 ista
1366 3396 1592 3444 mouent
1614 3391 1900 3468 dispendia
1923 3413 1935 3443 ε
1974 3391 2068 3444 sed
2091 3407 2179 3443 me

801 3457 989 3509 fallaci
1010 3457 1264 3508 dominae
1286 3473 1397 3508 lam
1420 3456 1592 3522 pudet
1613 3472 1731 3509 esse
1754 3457 1982 3523 iocum.)
2145 3459 2202 3508 16

2136 1527 2196 1563 10

2141 3081 2201 3118 10

1140 3660 1363 3714 xwa
1394 3662 1509 3725 [111
1543 3661 1706 3725 xlx]

741 3777 859 3827 Hoc
883 3781 1000 3827 erat
1023 3776 1080 3826 in
1104 3775 1293 3841 primis
1315 3774 1460 3841 quod
1485 3792 1572 3826 me
1594 3775 1830 3840 gaudere
1854 3775 2119 3828 iubeboe?

804 3847 919 3892 tam
942 3848 999 3892 te
1022 3840 1312 3891 formosam
1336 3856 1443 3890 non
1468 3840 1638 3906 pudet
1659 3855 1776 3891 ωδε
1799 3840 2012 3892 leuem?

740 3921 851 3956 una
874 3910 973 3956 aut
994 3906 1170 3956 altera
1192 3921 1299 3956 nox
1323 3904 1565 3956 nondum
1583 3910 1668 3956 est
1689 3905 1745 3955 in
1768 3921 1950 3956 amore
1968 3910 2201 3971 peracta,

806 3976 863 4022 et
886 3970 1033 4021 dicor
1055 3969 1198 4021 lecto
1219 3970 1328 4021 iam
1351 3970 1536 4034 grauis
1558 3985 1675 4022 esse
1699 3977 1813 4021 tu0.
2143 3986 2208 4021 20

679 4048 706 4102 5
742 4051 829 4087 me
862 4034 1022 4085 modo
1044 4034 1310 4085 laudabas
1334 4042 1391 4085 et
1413 4035 1655 4085 carmina
1678 4043 1865 4085 nostra
1885 4033 2103 4100 legebas
2126 4056 2137 4087 ι

807 4099 901 4151 ille
923 4105 1056 4152 tuus
1078 4115 1283 4166 pennas
1308 4105 1424 4150 tam
1447 4099 1559 4151 cito
1580 4099 1750 4151 uertit
1772 4104 1963 4152 amor?

1424 4182 1449 4209 t

742 4227 1043 4305 contendat
1062 4228 1532 4304 mecumingenio,
1554 4228 1852 4279 contendat
1874 4233 1931 4280 et
1953 4233 2089 4291 arte,

742 4358 792 4409 si
807 4292 1898 4433 iibl'ssfflffiffg‘nfiffissssgepfifflsst'ad
1918 4357 2117 4422 hydras
2144 4374 2172 4409 2
2177 4372 2203 4424 5

651 4437 712 4474 10
807 4428 864 4473 et
888 4423 989 4472 t1b1
1012 4422 1084 4473 ab
1109 4422 1220 4473 Hes
1292 4438 1372 4472 rio
1395 4421 1541 4472 mala
1564 4421 1794 4472 dracone
1816 4422 1960 4473 ferat
1980 4442 1993 4480 ς

743 4491 927 4539 taetra
947 4503 1162 4538 uenena
1184 4486 1223 4538 li
1292 4503 1359 4537 ns
1380 4492 1438 4537 et
1460 4485 1760 4552 naufragus
1784 4487 1970 4538 ebibat
1991 4488 2167 4539 unlus

807 4557 865 4603 et
887 4568 1186 4618 numquam
1211 4568 1307 4617 pro
1331 4555 1385 4602 te
1407 4551 1639 4616 deneget
1662 4568 1778 4602 esse
1801 4551 1965 4602 miser

745 4621 900 4682 (quos
923 4617 1135 4667 utinam
1154 4616 1211 4666 in
1227 4616 1398 4677 nobis,
1419 4616 1557 4675 uita,
1578 4617 1857 4681 experiare
1874 4616 2105 4680 labores)
2126 4638 2137 4669 z

808 4682 918 4732 iam
944 4681 1045 4732 tibi
1070 4680 1138 4732 de
1160 4680 1370 4731 timidis
1393 4680 1498 4732 iste
1515 4680 1778 4746 superbus
1802 4681 1923 4741 erit,
2140 4697 2207 4746 30

656 4757 712 4811 15
749 4746 843 4811 qui
868 4762 1012 4796 nunc
1034 4762 1092 4796 se
1109 4745 1165 4796 in
1186 4745 1456 4796 tumidum
1477 4745 1732 4796 iactando
1747 4746 1902 4797 uenit
1916 4745 2170 4798 honorem
2190 4768 2202 4798 ε

809 4809 1100 4861 discidium
1125 4810 1279 4860 uobis
1303 4810 1581 4876 proximus
1604 4826 1781 4860 annus
1803 4810 1922 4861 erit.

763 4938 925 4982 mn
954 4940 981 4983 1
1018 4940 1112 4986 c'ui
1132 4949 1180 4995 Φ,
1221 4940 1315 4995 Qui
1335 4949 1372 4985 Δ
1395 4940 1458 4985 Ν.
1502 4938 1612 4996 fuit
1639 4939 1742 4986 ind.
1768 4939 2011 4997 suqienda
2034 4940 2097 4997 (ct
2116 4941 2228 4988 add.
2254 4943 2366 4999 ΦΝ,
2391 4942 2507 4988 haec
2529 4958 2563 4986 s·
2581 4956 2615 4987 ιι

647 4999 946 5045 cardo—uix
977 5000 1190 5044 uer-titur
1219 4997 1514 5044 Heimreich.

646 5067 708 5103 Ω.
831 5056 1813 5114 mvlnouamel.inAFN(ng.
1869 5071 1979 5103 cum

3789 513 3854 563 23

2389 679 2451 727 at
2477 691 2562 726 me
2584 691 2692 726 non
2716 680 2870 727 aetas
2893 675 3132 728 mutabit
3155 681 3275 728 tota
3298 675 3557 740 Sibyllae,

2455 757 2562 791 non
2588 740 2740 791 labor
2763 741 3007 802 Alcidae,
3036 758 3142 792 non
3167 742 3321 807 niger
3342 741 3436 793 ille
3459 742 3588 792 dies.

2390 809 2509 855 tum
2533 821 2619 856 me
2639 821 2926 871 compones
2948 811 3006 857 et
3027 806 3174 857 dices
3202 812 3214 833 ⁸
3234 822 3372 868 ossa,
3404 806 3665 871 Properti,
3788 818 3849 870 35

2292 884 2357 921 20
2455 869 2585 921 haec
2611 874 2707 921 tua
2728 876 2860 922 sunt
2882 890 2893 921 :
2930 870 3069 921 eheu
3092 876 3157 921 tu
3180 871 3314 922 mihi
3337 877 3518 922 certus
3536 887 3673 931 eraS,

2387 939 2569 985 certus
2592 951 2713 985 eras
2734 935 2891 996 eheu,
2918 936 3171 1001 quamuis
3193 952 3293 987 nec
3313 936 3579 1001 sanguine
3601 935 3756 986 auito

2453 999 2649 1050 nobilis
2672 1004 2729 1050 et
2750 1000 3003 1065 quamuis
3028 1016 3132 1050 non
3158 1001 3238 1051 ita
3260 1000 3413 1051 diues
3436 1001 3594 1051 eras.’

2387 1063 2465 1114 nil
2491 1080 2590 1129 ego
2613 1080 2719 1115 non
2819 1065 2940 1125 tiar,
2968 1081 3100 1115 num
3140 1081 3268 1115 uam
3292 1081 3378 1116 me
3401 1065 3601 1116 iniuria
3624 1068 3837 1115 mutat:

2453 1127 2591 1180 ferre
2613 1145 2713 1194 ego
2759 1145 3024 1180 ormosam
3049 1146 3085 1179 n
3150 1130 3261 1180 lum
3285 1146 3423 1180 onus
3446 1146 3562 1181 esse
3586 1136 3736 1196 pute.
3781 1144 3848 1192 40

2291 1208 2319 1244 2
2326 1205 2353 1258 5
2388 1193 2546 1244 credo
2569 1209 2669 1258 ego
2692 1210 2798 1244 non
2893 1210 3021 1244 ucos
3044 1194 3154 1244 ista
3177 1195 3396 1259 periisse
3419 1194 3609 1260 figura,

2454 1257 2612 1308 credo
2635 1274 2734 1324 ego
2757 1275 2814 1309 se
2877 1259 3077 1308 multos
3101 1275 3206 1310 uon
3233 1258 3485 1309 habuisse
3510 1259 3688 1310 fidem.

2390 1339 2561 1388 paruo
2582 1322 2780 1373 dilexit
2801 1323 2978 1388 spatio
3002 1324 3251 1374 Minoida
3273 1323 3531 1383 TheseuS,

2458 1386 2714 1452 Phyllida
2737 1387 3108 1453 Demophoon,
3136 1388 3328 1453 hospes
3350 1395 3581 1463 uterque
3606 1386 3796 1438 malus.

2388 1451 2501 1503 iam
2524 1451 2625 1502 tibi
2651 1452 2869 1503 Iasonia
2893 1459 3047 1503 uecta
3069 1459 3154 1503 est
3180 1452 3374 1504 Medea
3395 1469 3580 1503 carina
3787 1464 3850 1516 45

2292 1530 2357 1581 30
2454 1522 2513 1568 et
2537 1516 2695 1568 modo
2716 1524 2936 1567 seruato
2959 1516 3074 1568 sola
3095 1516 3284 1568 relicta
3307 1517 3438 1568 uiro.

2391 1580 2559 1647 (dura
2574 1588 2675 1642 est,
2699 1598 2840 1648 quae
2859 1581 3046 1632 multis
3069 1581 3386 1633 simulatum
3413 1582 3571 1648 fingit
3592 1597 3847 1641 amorem,

2455 1652 2511 1697 et
2534 1662 2593 1697 se
2617 1646 2736 1711 plus
2761 1647 2856 1697 uni
2879 1646 3038 1722 siqua
3061 1662 3249 1712 parare
3275 1647 3503 1712 potest.)

2390 1711 2500 1761 noli
2526 1711 2814 1770 nobilibus,
2844 1711 2956 1761 noh
2980 1711 3220 1762 conferre
3243 1712 3420 1763 beatis
3444 1733 3455 1762 :

2455 1776 2549 1826 nix
2575 1776 2746 1836 uenit,
2769 1780 3010 1826 extremo
3071 1776 3129 1826 ui
3152 1775 3299 1842 legat
3322 1792 3444 1826 ossa
3467 1775 3555 1826 die
3578 1795 3591 1836 ς

2293 1852 2355 1906 35
2389 1840 2449 1891 1ιί
2473 1840 2573 1891 tibi
2598 1857 2694 1891 nos
2718 1840 2918 1891 erimus
2942 1861 2952 1891 :
2988 1857 3014 1890 s
3107 1846 3169 1891 tu
3194 1841 3375 1907 potius
3391 1857 3576 1906 precor
3597 1843 3660 1891 ut
3684 1855 3770 1890 me

2456 1904 2704 1957 demissis
2728 1905 2956 1972 plangas
2979 1910 3199 1971 pectora
3220 1906 3370 1957 nuda
3392 1906 3578 1956 comis.

3791 1788 3854 1840 50

2835 2111 2998 2164 XXV
3031 2111 3144 2175 [111
3179 2112 3313 2175 XX]

2391 2225 2569 2277 Vnica
2591 2230 2726 2277 nata
2749 2242 2869 2278 meo
2893 2225 3255 2292 pulcherrima
3275 2241 3407 2276 cura
3429 2224 3619 2285 dolori,

2455 2289 2699 2342 excludit
2722 2292 2975 2357 quoniam
3002 2306 3114 2340 sors
3140 2306 3259 2341 mea
3281 2306 3441 2356 saepe
3470 2296 3483 2317 ‘
3503 2288 3669 2351 ueni,’

2390 2354 2501 2406 ista
2525 2356 2657 2406 meis
2682 2355 2775 2407 fiet
2800 2354 3084 2406 notissima
3107 2355 3282 2405 forma
3305 2354 3521 2415 libellis,

2457 2420 2643 2482 Calue,
2671 2426 2771 2471 tua
2793 2421 2973 2480 uenia,
3001 2436 3147 2485 pace,
3176 2418 3411 2481 Catulle,
3440 2424 3554 2470 tua.

2394 2484 2552 2535 miles
2575 2483 2835 2550 depositis
2859 2500 3095 2536 annosus
3118 2484 3344 2536 secubat
3365 2484 3548 2545 armis,
3826 2493 3853 2547 5

2459 2549 2865 2616 grandaeuique
2890 2554 3091 2615 negant
3114 2548 3309 2601 ducere
3333 2554 3515 2599 aratra
3540 2548 3704 2599 boues
3725 2566 3738 2608 ;

2393 2614 2572 2681 putris
2596 2620 2653 2665 et
2675 2615 2732 2665 in
2758 2631 2934 2665 uacua
2956 2631 2981 2664 r
3051 2614 3245 2664 uiescit
3267 2614 3425 2664 nauis
3449 2614 3668 2674 harena,

2461 2684 2519 2729 et
2542 2686 2703 2729 uetus
2727 2679 2782 2729 in
2808 2678 3010 2745 templo
3104 2678 3228 2728 llica
3253 2694 3439 2743 parma
3462 2683 3658 2729 uacat:

2396 2747 2457 2794 at
2482 2760 2566 2794 me
2589 2743 2661 2794 ab
2683 2759 2865 2794 amore
2889 2749 2984 2794 tuo
3007 2742 3239 2793 deducet
3262 2742 3415 2793 nulla
3438 2748 3705 2802 senectus,

2462 2808 2579 2859 siue
2603 2825 2702 2873 ego
2725 2808 2994 2858 Tithonus
3017 2807 3134 2858 siue
3157 2823 3257 2873 ego
3282 2807 3482 2857 Nestor
3504 2822 3608 2858 er0.

2398 2889 2577 2924 nonne
2601 2873 2709 2923 fuit
2732 2874 2908 2923 satius
2930 2872 3066 2923 duro
3089 2873 3293 2923 seruire
3317 2877 3550 2937 tyranno

2463 2942 2522 2988 et
2542 2954 2754 3003 gemere
2778 2938 2834 2988 in
2859 2944 3033 2997 tauro,
3062 2953 3224 2987 saeue
3250 2936 3461 2997 Perille,
3491 2940 3623 2986 tuo?

2401 3001 2666 3067 Gorgonis
2690 3008 2747 3053 et
2769 3002 2945 3053 satius
2969 3001 3075 3051 fuit
3098 3001 3448 3052 obdurescere
3475 3000 3670 3051 uultu?

2472 3067 2774 3118 Caucaseae
2798 3067 2966 3117 etiam
2990 3066 3037 3116 si
3060 3072 3366 3131 pateremur
3389 3070 3556 3116 aues?

2400 3131 2495 3184 sed
2519 3138 2704 3183 tamen
2728 3131 3002 3182 obsistam.
3076 3131 3275 3181 teritur
3297 3130 3415 3181 rubi
3459 3130 3470 3141 '
3515 3146 3545 3181 e
3567 3145 3753 3180 mucro
3800 3141 3856 3193 15

2465 3196 2672 3248 ferreus
2694 3201 2751 3247 et
2774 3212 2944 3261 paruo
2967 3210 3126 3261 saepe
3151 3196 3188 3245 li
3229 3211 3358 3247 uore
3381 3196 3426 3245 si
3452 3211 3518 3246 ex
3540 3216 3553 3246 z

2400 3266 2461 3313 at
2483 3261 2636 3313 nullo
2659 3261 2871 3322 teritur,
2898 3261 3068 3312 durae
3091 3260 3194 3311 sub
3238 3260 3404 3312 imine
3427 3276 3580 3312 amor
3602 3259 3700 3326 qui

2467 3331 2640 3378 restat
2663 3333 2718 3378 et
2741 3327 2995 3378 inmerita
3017 3326 3252 3377 sustinet
3274 3342 3407 3377 aure
3430 3326 3621 3376 minas.

2400 3391 2548 3443 ultro
2570 3397 2914 3457 contemptus
2937 3396 3094 3457 rogat
3117 3397 3172 3443 et
3195 3406 3441 3466 peccasse
3465 3390 3673 3442 fatetur

2468 3456 2648 3507 laesus
2671 3464 2728 3508 et
2751 3456 2942 3506 inuitis
2964 3456 3080 3521 ipse
3103 3456 3247 3507 redit
3271 3456 3510 3520 pedibus.

2402 3525 2465 3572 tu
2489 3537 2722 3587 quoque,
2749 3520 2844 3586 qui
2868 3521 3028 3586 pleno
3051 3520 3228 3571 fastus
3250 3520 3493 3571 adsumis
3517 3535 3716 3581 amore,

2468 3585 2701 3645 credule,
2730 3585 2883 3635 nulla
2904 3585 2998 3634 diu
3022 3584 3227 3635 femina
3251 3584 3459 3649 pondus
3482 3584 3664 3635 habet.

2403 3666 2477 3702 an
2501 3650 2788 3716 quisquam
2816 3649 2871 3699 in
2895 3648 3088 3700 mediis
3113 3649 3373 3714 persoluit
3396 3655 3528 3700 uota
3551 3647 3815 3714 procellis,

2470 3731 2592 3766 cum
2617 3730 2777 3790 saepe
2799 3714 2856 3764 in
2882 3720 3037 3779 portu
3064 3713 3238 3764 fracta
3261 3713 3445 3764 carina
3469 3719 3659 3764 natet!

2403 3784 2505 3831 aut
2528 3779 2675 3845 prius
2699 3779 2903 3830 infecto
2924 3778 3166 3843 deposcit
3189 3779 3431 3853 praemia
3452 3794 3631 3838 cursu,
3800 3788 3861 3842 25

2468 3845 2704 3909 septima
2726 3860 2890 3909 quam
2916 3850 3116 3894 metam
3143 3843 3358 3894 trmerit
3381 3848 3512 3894 ante
3534 3847 3689 3894 rota?

2405 3909 2693 3960 mendaces
2716 3908 2916 3959 ludunt
2939 3907 3104 3959 flatus
3127 3908 3183 3958 in
3207 3923 3389 3958 amore
3412 3907 3666 3958 secundi:

2472 3973 2630 4039 siqua
2654 3973 2806 4024 uenit
2829 3987 2964 4034 sero,
2993 3988 3193 4037 magna
3216 3972 3376 4023 ruina
3397 3973 3566 4023 uenit.

2405 4043 2470 4090 tu
2494 4042 2677 4089 tamen
2700 4037 2925 4098 interea,
2953 4037 3207 4103 quamuis
3232 4042 3288 4088 te
3311 4037 3509 4112 diligat
3530 4035 3644 4097 illa,

2470 4103 2528 4153 in
2553 4103 2721 4153 tacito
2745 4102 2934 4153 cohibe
2956 4101 3162 4167 gaudia
3182 4100 3370 4152 clausa
3392 4118 3530 4152 sinu.
3803 4114 3868 4163 30

2404 4183 2641 4233 namque
2664 4167 2720 4217 in
2744 4182 2927 4217 amore
2949 4183 3048 4216 suo
3065 4182 3274 4232 semper
3290 4182 3391 4216 sua
3409 4165 3651 4217 maxima
3666 4164 3863 4231 cuique

2471 4232 2761 4298 nescioquo
2784 4236 2941 4296 pacto
2964 4231 3132 4282 uerba
3153 4247 3343 4282 nocere
3366 4231 3556 4282 solent.

2402 4297 2659 4364 quamuis
2681 4302 2738 4347 te
2763 4311 3017 4362 persaepe
3039 4301 3216 4357 uocet,
3243 4296 3408 4346 semel
3432 4297 3510 4347 ire
3534 4299 3836 4346 memento:

2471 4361 2738 4412 inuidiam
2762 4361 2905 4427 quod
2931 4361 3116 4420 habet,
3143 4377 3250 4411 nou
3274 4361 3414 4412 solet
3436 4376 3552 4411 esse
3575 4360 3686 4412 diu.

2404 4430 2467 4478 at
2489 4426 2533 4476 si
2558 4425 2737 4477 saecla
2757 4426 2936 4477 forent
2957 4425 3128 4491 gratis
3150 4425 3381 4492 antiqua
3405 4425 3616 4490 puellis,
3800 4436 3861 4489 35

2471 4507 2642 4542 essem
2667 4507 2782 4555 eg0‚
2810 4490 2954 4556 qnod
2979 4507 3123 4541 nunc
3146 4495 3240 4541 tu:
3265 4495 3508 4555 tempore
3531 4489 3718 4539 uincor
3740 4505 3856 4553 eg0.

2405 4571 2512 4606 non
2539 4561 2721 4606 tamen
2748 4556 2857 4606 ista
2881 4571 3027 4606 meos
3051 4554 3348 4606 mutabunt
3370 4553 3588 4605 saecula
3611 4569 3784 4604 mores
3805 4574 3817 4603 ε

2469 4637 2612 4671 unus
2635 4620 2867 4686 quisque
2889 4635 2990 4670 sua
3013 4620 3226 4670 nouerit
3249 4619 3326 4669 ire
3350 4619 3458 4668 uia.

2404 4691 2465 4736 at
2488 4701 2603 4746 uoS,
2631 4684 2726 4750 qui
2749 4683 2925 4735 officia
2948 4683 3005 4734 in
3030 4683 3229 4734 multos
3255 4683 3522 4734 reuocatis
3544 4698 3769 4744 amores,

2506 4754 2738 4800 uantum
2760 4748 2836 4798 sic
2856 4748 3064 4798 cruciat
3086 4747 3296 4798 lumina
3317 4753 3502 4799 uestra
3523 4747 3675 4798 dolor
3696 4754 3707 4799 2
3797 4762 3862 4809 40

2403 4813 2463 4864 ui
2506 4813 2624 4864 'stis
2647 4812 2807 4879 pleno
2829 4816 3072 4864 teneram
3095 4812 3328 4863 candore
3350 4811 3608 4879 puellam,

3798 2820 3858 2856 10

3801 3470 3865 3505 20

2615 4941 2740 5000 ulg.)
2760 4953 2819 4998 Ω,
2843 4956 2963 4989 corr.
2990 4943 3195 4989 Housm.
3257 4943 3291 4986 4
3309 4942 3423 4988 fort.
3448 4945 3590 4988 aaut.
3654 4941 3712 4984 11
3742 4955 3862 4988 nam

1580 4999 1638 5041 22
1668 5012 1742 5043 me
1772 5013 1829 5044 ca
1865 5001 1973 5045 iant
2003 5000 2061 5047 Ο.
2101 5001 2316 5058 ρίσεηάα
2345 5015 2449 5057 nos,
2475 5001 2663 5058 pudica
2683 5011 2740 5048 Ω.
2805 5002 2865 5045 23
2885 5002 3026 5047 nulla
3056 5003 3197 5047 illam
3215 5001 3316 5058 (uel
3336 4999 3430 5056 ω)
3460 5015 3563 5057 nos,
3598 5001 3728 5046 nulli
3757 5003 3859 5047 iam

2043 5058 2168 5105 riore
2197 5060 2454 5106 coniunxit
2484 5060 2608 5107 Scal.
2653 5062 2872 5118 quereris
2901 5075 3004 5115 nos,
3040 5061 3248 5117 loqueris
3277 5069 3335 5106 Ω.
3380 5061 3446 5105 ait
3471 5068 3530 5106 Ω.

3594 5059 3855 5116 squam,

646 5117 730 5162 cui
743 5125 776 5161 Φ
791 5116 854 5161 N.
899 5118 932 5159 4
950 5129 1039 5173 ap.
1061 5116 1265 5161 Housm.
1284 5115 1387 5174 (qui
1403 5118 1650 5173 inqenum
1667 5118 1940 5164 reiciendus
1958 5131 2004 5162 a.
2032 5151 2045 5172 ,
2068 5123 2216 5175 amp.
2235 5128 2294 5175 Ω,
2311 5119 2435 5165 haut
2444 5134 2494 5176 p.
2516 5119 2690 5177 Haupt
2704 5120 2789 5178 qui
2802 5119 2951 5165 etiam
2965 5121 3190 5176 invenitis
3204 5119 3325 5164 haut
3336 5132 3425 5177 pro
3439 5119 3680 5174 inomaus
3694 5122 3785 5164 aut
3797 5127 3855 5174 Ω,

645 5177 760 5232 post
781 5174 869 5220 hos
889 5188 922 5219 a
936 5189 989 5231 p.
1014 5176 1239 5230 inuenitis
1258 5175 1382 5221 haut
1402 5189 1445 5221 r.
1470 5189 1571 5230 uos,
1596 5174 1694 5221 alia
1720 5175 1818 5221 alii.
1882 5177 1913 5218 8
1942 5182 2100 5222 ureret
2121 5186 2180 5224 Ω.
2232 5191 2332 5224 non
2354 5178 2467 5225 bene
2497 5178 2725 5236 Bonam„
2748 5180 2939 5224 nomine
2969 5187 3025 5223 Ω.
3091 5179 3150 5222 10
3179 5192 3310 5224 nunc
3342 5187 3394 5224 A.
3459 5177 3606 5221 11-16
3637 5176 3733 5223 huc
3762 5191 3861 5223 nou

645 5232 892 5290 pertinere
921 5232 1050 5278 uidit
1080 5233 1204 5279 Scal.
1289 5234 1348 5277 13
1377 5248 1440 5279 an
1477 5234 1730 5279 inuita-m?
1807 5234 1866 5278 1³
1900 5248 1957 5280 ac
1981 5249 2033 5291 p.
2073 5245 2125 5282 Δ.
2191 5237 2235 5282 ει·
2265 5251 2338 5283 me
2367 5247 2427 5284 Ω.
2634 5252 2697 5296 qq
2747 5251 2779 5284 a

646 5292 846 5337 notauit
881 5291 1049 5338 Muell.
1113 5292 1172 5335 31
1201 5293 1387 5339 tumide
1414 5292 1454 5338 F
1483 5291 1614 5337 unde
1644 5305 1691 5338 ae
1720 5293 1907 5338 tumide
1935 5295 1969 5339 i.
2008 5295 2198 5340 inuenit
2229 5295 2392 5354 Paley.
2471 5296 2619 5340 33-38
2648 5300 2761 5354 post
2794 5251 2853 5339 ὦ
2883 5298 3020 5341 trans
3055 5329 3067 5342 .

647 5355 703 5397 tu
725 5359 784 5396 Ω.
828 5364 902 5396 me
922 5350 1120 5406 Pomon,
1143 5364 1249 5396 m
1270 5360 1328 5397 Ω.
1394 5351 1467 5406 36,
1492 5351 1550 5395 37
1574 5352 1667 5396 heu
1686 5351 1778 5397 heu
1801 5361 1854 5397 A.
1919 5352 1978 5395 38
2006 5355 2184 5399 nauita
2204 5363 2262 5408 Ω,
2286 5369 2408 5400 corr.
2434 5354 2703 5402 Fontanus.
2766 5356 2826 5398 45
2857 5359 2993 5400 uecta

647 5408 709 5454 ab
729 5407 881 5465 infido
903 5418 956 5464 A,
981 5422 1076 5454 om.
1103 5419 1151 5455 Φ.
1214 5411 1290 5465 4⁹1,
1312 5409 1374 5454 4⁸
1398 5410 1477 5455 hic
1496 5409 1680 5456 alienos
1701 5424 1805 5456 esse
1824 5409 1924 5457 uid.
1952 5410 2076 5459 Scal-
2102 5412 2164 5458 al.
2228 5414 2287 5456 61
2307 5413 2387 5459 hic
2413 5412 2426 5434 ‘
2440 5412 2689 5459 Leidensis
2708 5410 2985 5460 secundus!
3032 5427 3120 5460 me.
3157 5415 3229 5459 mi
3249 5412 3550 5460 Sandstrom.

2007 5471 2309 5584 ἰιῐιιῐιπηῖενῗὲ
2325 5546 2359 5573 τ
2376 5530 2511 5588 uulg.

646 5469 787 5513 uenit
816 5467 900 5523 N¹,
934 5467 1325 5526 interpunximus
1356 5482 1468 5514 cum
1499 5487 1553 5527 μ,
1594 5467 1758 5525 ‘saepe
1788 5466 1858 5515 ιι.’
1887 5483 1921 5515 ιι

647 5525 905 5572 sublimine
933 5526 997 5582 N,
1031 5527 1117 5572 sub
1143 5527 1328 5572 lumine
1359 5537 1396 5573 A
1414 5528 1467 5574 F.
1531 5528 1591 5572 28
1620 5533 1734 5574 ante
1763 5538 1822 5583 Ω,
1855 5542 1947 5574 axe

2513 5238 2570 5281 17
2609 5252 2633 5282 s
2701 5271 2712 5283 .
3246 5237 3323 5283 uit
3353 5235 3478 5284 Scal-
3542 5236 3602 5279 28
3632 5235 3859 5281 lacunam

3228 5295 3358 5353 berg.
3433 5296 3492 5339 85
3522 5298 3627 5341 tum
3658 5294 3856 5350 Baehr.,

3066 5355 3205 5411 eins„
3228 5360 3347 5400 nota
3366 5363 3425 5400 Ω.
3487 5354 3549 5397 40
3577 5358 3771 5401 seruato
3791 5353 3861 5455 Νξ

2330 5482 2388 5518 Ω.
2454 5473 2512 5516 17
2531 5473 2757 5520 dominae
2775 5471 2940 5528 (dnae)
2959 5475 3137 5519 teritur
3156 5482 3189 5518 Φ
3206 5472 3270 5528 N,
3293 5473 3352 5519 de
3371 5485 3445 5518 mc
3465 5476 3497 5517 t.
3525 5481 3579 5525 A,
3604 5485 3723 5516 corr.
3749 5484 3854 5517 uos.

2840 5236 3046 5282 rioribus
3075 5251 3126 5282 se

2575 5532 2636 5575 33
2662 5534 2820 5588 oratis
2849 5534 3058 5588 antiqua
3084 5530 3189 5579 cod.
3213 5531 3368 5590 Pasa„
3392 5531 3612 5588 antiquis
3626 5534 3775 5588 urata
3795 5538 3854 5576 Ω.

648 5585 1001 5641 38,3θοιιι.Ι,.
1066 5586 1453 5633 3⁹inom.AF.
1515 5588 1720 5634 mein.
1782 5588 3080 5649 uplenon,niueonomm.,plenamtemrofleins.
