4890 6561
1135 519 1198 569 14
2116 519 2286 574 SEX.
2334 519 2723 573 PROPERTJ
2768 520 3109 576 CYNTHIA
3159 521 3331 586 [LIB.
3381 521 3436 589 I]

1196 697 1337 748 quae
1360 682 1498 735 solet
1521 683 1695 737 ‘lirato
1716 683 1894 736 dicere
1917 688 2037 736 tota
2059 684 2193 747 loce,

1131 752 1193 798 ut
1217 764 1303 797 me
1328 752 1442 799 tarn
1466 748 1629 814 longa
1652 765 1873 800 raucum
1900 750 2107 817 patiare
2129 750 2351 817 querela

1194 811 1458 877 sollicitas
1483 813 1647 865 triuio
1670 814 1993 881 peruigilare
2016 833 2209 867 moras.
2625 831 2692 880 40

1127 882 1191 928 at
1215 877 1316 927 tibi
1339 894 1499 943 saepe
1523 895 1666 929 nouo
1690 879 1892 930 deduxi
1916 881 2159 931 earmina
2182 898 2361 943 uersu,

1194 942 1486 1009 osculaque
1513 943 1767 1009 inpressis
1790 945 1923 996 nixa
1943 945 2070 996 dedi
2157 947 2367 998 adibus.

1127 1013 1259 1058 ante
1282 1013 1404 1058 tuos
1428 1009 1680 1074 quotiens
1705 1009 1844 1061 uerti
1869 1026 1972 1070 me,
1999 1027 2094 1086 per
2131 1011 2221 1071 da,
2251 1016 2451 1077 postes,

1191 1071 1486 1139 debitaque
1510 1074 1737 1125 occultis
1760 1084 1894 1126 uota
1918 1075 2023 1126 tuh
2045 1076 2298 1127 manibus
2320 1082 2330 1128 !
2352 1077 2364 1097 ’

1127 1135 1262 1187 haec
1284 1136 1378 1189 ille
1401 1143 1458 1189 et
1480 1139 1669 1205 siquae
1693 1140 1874 1191 miseri
1898 1141 2130 1191 nouistis
2151 1146 2400 1193 amantes
2621 1152 2685 1206 45

1156 1265 1167 1276 ·
1192 1206 1249 1252 et
1270 1203 1559 1254 matutinis
1582 1204 1848 1271 obstrepit
1871 1205 2111 1256 alitibus.

1125 1281 1202 1321 Sic
1224 1282 1324 1331 ego
1347 1284 1491 1318 nunc
1514 1268 1764 1320 dominae
1790 1270 1940 1321 uitiis
1962 1277 2017 1321 et
2039 1287 2250 1337 semper
2271 1271 2512 1322 amantis

1191 1331 1409 1383 fletibus
1430 1332 1644 1385 alterna
1666 1334 1883 1386 differor
1904 1335 2219 1388 inuidiam
2246 1362 2255 1371 =
2290 1370 2297 1381 ·
2336 1370 2343 1375 -
2380 1376 2385 1381 .
2420 1376 2437 1389 .
2455 1362 2494 1384 a

1821 1543 1991 1595 XVII

1126 1658 1199 1709 Et
1223 1657 1431 1718 merito,
1459 1658 1715 1724 quoniam
1740 1659 1893 1725 potui
1917 1658 2122 1724 fugisse
2146 1660 2401 1725 puellam,

1189 1738 1333 1773 nunc
1357 1739 1457 1789 ego
1478 1724 1723 1775 desertas
1746 1723 1991 1790 alloquor
2014 1724 2284 1790 alcyonas.

1124 1803 1223 1838 nec
1248 1787 1380 1839 mihi
1404 1789 1658 1854 Cassiope
1682 1789 1843 1840 solito
1868 1790 2051 1840 uisura
2074 1790 2332 1851 carinam,

1187 1853 1478 1919 omniaque
1502 1854 1717 1919 ingrato
1741 1854 1897 1905 litore
1922 1860 2053 1905 uota
2075 1855 2292 1905 cadunt.

1122 1918 1256 1983 quin
1280 1919 1447 1993 etiam
1472 1918 1686 1971 absenti
1710 1925 1935 1985 prosunt
1958 1919 2077 1981 tibi,
2105 1920 2363 1985 Cynthia,
2393 1921 2579 1972 uenti:
2650 1932 2678 1986 5

1187 1999 1383 2048 aspice,
1410 2000 1576 2049 quam
1600 2000 1795 2035 saeuas
1819 1985 2063 2050 increpat
2086 2001 2220 2035 aura
2243 1985 2419 2035 minas
2442 1992 2453 2036 !

1122 2046 1345 2099 nullane
1369 2048 1615 2113 placatae
1639 2049 1825 2100 ueniet
1848 2049 2069 2100 fortuna
2090 2049 2390 2115 procellae?

1188 2111 1412 2164 haecine
1434 2130 1606 2179 parua
1628 2130 1807 2165 meum
1833 2113 1999 2165 funus
2024 2114 2227 2165 harena
2250 2119 2435 2179 teget?

1122 2179 1184 2227 tu
1210 2183 1390 2228 tamen
1414 2178 1473 2229 in
1499 2178 1693 2230 melius
1716 2194 1910 2230 saeuas
1932 2185 2188 2231 conuerte
2212 2179 2493 2246 querelas:

1185 2247 1274 2293 sat
1296 2242 1400 2293 tibi
1423 2243 1497 2294 sit
1520 2259 1724 2308 poenae
1748 2260 1856 2294 nox
1879 2249 1936 2295 et
1958 2244 2150 2310 iniqua
2172 2245 2331 2295 uada.
2622 2260 2680 2297 ιο

1120 2322 1192 2357 an
1217 2307 1419 2372 poteris
1440 2308 1595 2359 siccis
1619 2324 1742 2359 mea
1763 2308 1880 2359 fata
1904 2325 2176 2374 reposcere
2199 2309 2399 2371 ocellis,

1050 2382 1057 2387 ⁴
1186 2388 1416 2437 ossaque
1438 2372 1593 2423 nulla
1615 2377 1712 2423 tuo
1735 2378 1923 2423 nostra
1944 2379 2127 2425 tenere
2151 2374 2311 2424 sinu?

1119 2451 1154 2486 a
1177 2441 1380 2501 pereat,
1407 2437 1737 2503 quicumque
1759 2442 1902 2488 rates
1926 2444 1984 2489 et
2007 2437 2131 2489 uela
2156 2438 2371 2503 parauit

1187 2501 1391 2566 primus
1414 2507 1473 2552 et
1494 2501 1673 2553 inuito
1694 2502 1909 2567 gurgite
1931 2502 2060 2553 fecit
2082 2503 2202 2554 iter.

1121 2581 1300 2615 nonne
1323 2566 1431 2616 fuit
1454 2566 1632 2617 leuius
1655 2567 1905 2618 dominae
1928 2567 2238 2633 peruincere
2261 2584 2435 2619 mores
2620 2582 2676 2636 15

1185 2630 1458 2696 (quamuis
1481 2631 1635 2692 dura,
1664 2636 1848 2683 tamen
1873 2648 1996 2682 rara
2011 2632 2200 2708 puella
2222 2633 2367 2695 fuit),

1119 2711 1283 2760 quam
1306 2696 1384 2747 sic
1405 2696 1606 2761 ignotis
1627 2696 1964 2748 circumdata
1988 2697 2151 2749 litora
2171 2697 2326 2749 siluis

1183 2776 1399 2812 cernere
1422 2767 1480 2813 et
1501 2767 1718 2828 optatos
1780 2778 1999 2814 uaerere
2022 2762 2402 2829 Tyndaridas?

1117 2824 1230 2876 illic
1252 2826 1412 2892 siqua
1433 2843 1612 2877 meum
1637 2843 1761 2893 sepe
1784 2827 1955 2878 issent
1977 2827 2097 2879 fata
2118 2827 2375 2890 dolorem,

1183 2890 1410 2942 ultimus
1433 2895 1488 2943 et
1510 2892 1687 2958 posito
1709 2897 1881 2943 staret
1902 2908 2085 2943 amore
2109 2893 2264 2958 lapis,
2613 2909 2679 2945 20

1116 2955 1215 3008 illa
1237 2972 1357 3007 meo
1379 2972 1531 3008 caros
1554 2956 1808 3008 donasset
1830 2957 2020 3008 funere
2042 2957 2233 3018 crines,

1182 3020 1419 3073 molliter
1441 3026 1498 3073 et
1520 3027 1710 3073 tenera
1802 3027 1957 3075 neret
1978 3038 2101 3073 ossa
2123 3038 2275 3074 rosa:

1116 3084 1215 3136 illa
1238 3102 1419 3136 meum
1442 3091 1685 3138 extremo
1707 3102 1735 3137 c
1758 3093 1996 3139 amasset
2020 3088 2244 3153 puluere
2267 3103 2480 3149 nomen,

1181 3156 1245 3202 ut
1269 3151 1402 3201 mihi
1426 3168 1533 3202 non
1557 3151 1672 3202 ullo
1695 3152 1928 3217 pondere
1952 3157 2097 3203 terra
2117 3152 2271 3204 foret.

1115 3219 1178 3266 at
1201 3231 1315 3274 uos,
1342 3232 1643 3283 aequoreae
1665 3216 1898 3267 formosa
1921 3217 2125 3269 Doride
2148 3223 2327 3279 natae,
2611 3232 2640 3269 2
2646 3230 2673 3285 5

1180 3279 1415 3332 candida
1436 3279 1582 3333 felici
1604 3280 1802 3333 soluite
1825 3280 1952 3333 uela
1973 3282 2166 3334 choro:

1115 3346 1162 3396 si
1185 3345 1406 3411 quando
1428 3352 1637 3396 uestras
1661 3346 1847 3397 labens
1871 3347 2041 3397 Amor
2063 3347 2254 3412 attigit
2275 3346 2469 3410 undas,

1180 3410 1483 3462 mansuetis
1505 3410 1650 3461 socio
1672 3410 1878 3477 parcite
1888 3412 2220 3478 pectoribus.

1795 3618 1997 3670 XVIII

1114 3733 1266 3785 Haec
1288 3737 1433 3786 certe
1456 3733 1672 3786 deserta
1692 3734 1812 3786 loca
1835 3741 1891 3786 et
1913 3733 2190 3786 taciturna
2212 3733 2479 3800 querenti,

1177 3805 1234 3849 et
1256 3815 1491 3850 uacuum
1517 3799 1750 3866 Zephyri
1774 3799 2013 3865 possidet
2035 3814 2170 3850 aura
2191 3815 2414 3852 nemus:

1112 3862 1200 3914 hic
1225 3862 1350 3915 licet
1373 3863 1613 3914 occultos
1635 3864 1871 3930 proferre
1894 3864 2097 3929 inpune
2120 3863 2347 3925 dolores,

1176 3928 1224 3978 si
1249 3928 1407 3978 modo
1429 3928 1546 3980 sola
1568 3934 1775 3995 queant
1796 3944 1933 3980 saxa
1956 3933 2139 3979 tenere
2162 3929 2340 3980 fidem.

1111 3992 1256 4044 unde
1281 3998 1403 4044 tuos
1462 3993 1658 4044 rimum
1682 4010 1738 4045 re
1808 3999 1942 4055 tam,
1970 4009 2092 4045 mea
2114 3994 2372 4060 Cynthia,
2398 3993 2613 4046 fastus?
2643 4005 2671 4059 5

1176 4057 1320 4134 quod
1346 4057 1418 4108 mi
1460 4058 1478 4108 i
1503 4057 1600 4109 das
1624 4058 1727 4110 flen
1771 4059 1805 4119 i,
1834 4059 2093 4124 Cynthia,
2121 4058 2481 4125 principium?

1110 4138 1205 4188 qui
1230 4122 1389 4174 modo
1410 4122 1596 4174 felices
1618 4123 1761 4175 inter
1783 4124 2108 4175 numerabar
2130 4130 2400 4186 amantes,

1175 4203 1321 4238 nunc
1342 4187 1400 4238 in
1423 4203 1605 4238 amore
1628 4193 1725 4238 tuo
1747 4205 1906 4253 cogor
1929 4188 2125 4238 habere
2148 4192 2350 4239 notam.

1110 4251 1244 4318 quid
1268 4255 1488 4303 tantum
1514 4252 1721 4303 meruit
1759 4269 1899 4318 quae
1925 4256 1981 4303 te
2004 4252 2138 4302 mihi
2161 4252 2392 4304 crimina
2413 4257 2671 4304 mutant?

1175 4332 1247 4367 an
1273 4332 1417 4368 noua
1440 4316 1701 4368 tristitiae
1723 4333 1891 4367 causa
1912 4316 2096 4383 puella
2119 4321 2284 4368 tuae?
2610 4333 2671 4369 10

1110 4380 1189 4432 sic
1212 4381 1346 4431 mihi
1370 4387 1425 4431 te
1448 4381 1647 4432 referas
1671 4381 1826 4441 leuis,
1855 4388 1919 4433 ut
1942 4398 2049 4433 non
2073 4381 2247 4433 altera
2267 4385 2453 4432 nostro

1175 4445 1363 4496 limine
1386 4445 1646 4496 formosos
1668 4445 1861 4497 intulit
1883 4446 2000 4498 ulla
2020 4446 2196 4512 pedes.

1109 4510 1363 4578 quamuis
1386 4511 1564 4562 multa
1585 4511 1690 4562 tibi
1712 4510 1864 4562 dolor
1886 4511 1974 4562 hic
1997 4527 2149 4561 meus
2172 4527 2365 4576 aspera
2384 4510 2569 4574 debet,

1174 4592 1280 4627 non
1304 4576 1388 4627 ita
1408 4593 1576 4628 saeua
1598 4581 1782 4628 tamen
1807 4576 2022 4628 uenerit
2044 4576 2126 4628 ira
2149 4592 2287 4637 mea,

1108 4645 1172 4693 ut
1194 4641 1296 4693 tibi
1320 4641 1422 4693 sim
1446 4641 1639 4693 merito
1661 4658 1872 4709 semper
1891 4642 2040 4693 furor
2062 4647 2118 4693 et
2140 4647 2239 4693 tua
2262 4640 2440 4693 flendo
2608 4653 2665 4707 15

2857 685 3070 740 lumina
3093 687 3319 740 deiectis
3341 687 3525 754 turpia
3547 686 3660 739 sint
3680 685 3935 738 lacrimis.

2793 768 2863 804 an
2888 754 3020 820 quia
3042 770 3214 819 parua
3235 753 3430 804 (lamus
3452 758 3668 804 mutato
3690 752 3848 818 signa
3870 751 4064 812 calore,

2857 825 2913 869 et
2936 834 3044 869 non
3068 818 3184 869 ulla
3206 835 3327 869 meo
3348 818 3552 869 clamat
3575 818 3631 868 in
3656 833 3745 868 ore
3769 817 3937 869 fides?

2792 899 2892 934 uos
2914 883 3068 934 eritis
3090 889 3279 944 testes,
3307 883 3490 949 siquos
3513 882 3679 933 habet
3702 881 3860 933 arbor
3881 897 4106 941 amores,

2856 947 3017 1014 fagus
3040 954 3096 999 et
3121 948 3358 999 Arcadio
3381 948 3542 1013 pinus
3563 947 3740 998 amica
3762 947 3878 997 deo.
4285 961 4350 997 20

2791 1028 2842 1074 a,
2861 1013 3115 1089 quotiens
3139 1020 3351 1064 uestras
3369 1018 3640 1089 resonant·
3650 1028 3770 1062 mea
3792 1011 3960 1087 uerba
3981 1010 4084 1061 sub
4106 1010 4345 1072 umbras,

2789 1157 2841 1204 a,
2854 1076 4023 1209 2⁰33&&fiffiffioffifflffissz‘fflff²

2854 1223 2996 1273 quae
3019 1206 3195 1259 solum
3219 1207 3402 1259 tacitis
3423 1207 3643 1273 cognita
3664 1211 3792 1257 sunt
3815 1205 4052 1257 foribus!

2789 1273 2975 1324 omnia
2995 1273 3253 1323 consueui
3276 1272 3502 1324 timidus
3526 1271 3759 1337 perferre
3781 1271 4045 1337 superbae
4285 1282 4346 1335 25

2855 1337 3004 1389 iussa
3025 1353 3202 1404 neque
3225 1343 3419 1404 arguto
3441 1336 3591 1388 faeta
3612 1336 3794 1412 dolore
3816 1334 3986 1402 queri.

2787 1401 3989 1518 Pmtqfflffiiissssssitffssssffitffiffidffl?

2787 1484 3245 1599 etzuodcumque
3268 1548 3421 1583 meae
3444 1536 3670 1597 possunt
3693 1483 4205 1597 ndlmre'querelae,

2851 1613 3011 1660 cogor
3033 1597 3102 1647 ad
3125 1602 3350 1662 argutas
3372 1596 3548 1647 dicere
3571 1595 3718 1647 solus
3739 1611 3888 1647 aues.
4283 1607 4347 1659 30

2784 1661 2882 1713 sed
2937 1661 3350 1776 qualliscumque
3402 1678 3478 1724 es,
3536 1665 3788 1712 resonent
3841 1660 3978 1712 mihi
4036 1664 4051 1689 ‘
4070 1658 4314 1727 Cynthia
4332 1659 4344 1681 ’

2850 1807 2950 1843 nec
2970 1743 3188 1844 (ῗέειὲῗῖἷι
3209 1796 3307 1843 ιιιο
3329 1790 3545 1843 nomine
3568 1806 3704 1842 saxa
3726 1795 3942 1844 uacent.

3498 1997 3640 2049 XIX

2783 2113 2909 2165 Non
2931 2128 3032 2179 ego
3054 2129 3199 2164 nunc
3223 2112 3406 2164 tristes
3428 2128 3632 2173 uereor,
3662 2127 3781 2163 mea
3806 2111 4062 2177 Cynthia,
4091 2111 4300 2175 Manes,

2847 2194 2946 2230 nec
2969 2194 3146 2230 moror
3167 2183 3411 2230 extremo
3433 2177 3622 2228 debita
3645 2176 3761 2228 fata
3784 2194 3913 2241 rogo
3933 2197 3946 2238 ;

2781 2243 2874 2295 sed
2900 2260 2968 2294 ne
2991 2243 3132 2295 forte
3153 2247 3252 2294 tuo
3275 2248 3458 2294 careat
3483 2242 3616 2292 mihi
3639 2242 3803 2293 funus
3827 2258 4027 2303 amore,

2846 2308 2935 2359 hic
2957 2309 3120 2359 timor
3141 2313 3224 2359 est
3247 2308 3378 2373 ipsis
3401 2307 3585 2357 durior
3606 2306 3866 2372 exequiis.

2781 2389 2890 2425 non
2913 2373 3050 2424 adeo
3075 2372 3270 2424 leuiter
3291 2373 3491 2423 nostris
3514 2388 3646 2437 puer
3668 2371 3844 2423 haesit
3867 2371 4070 2433 ocellis,
4309 2385 4337 2438 5

2847 2443 2912 2489 ut
2934 2454 3086 2490 meus
3109 2437 3278 2488 oblito
3302 2437 3484 2503 puluis
3506 2453 3688 2487 amore
3711 2442 3887 2488 uacet.

2780 2502 2892 2554 illic
2917 2502 3242 2568 Phylacides
3264 2501 3533 2552 iucundae
3556 2501 3800 2566 coniugis
3824 2501 3979 2552 heros

2845 2584 2954 2619 non
2980 2568 3159 2633 potuit
3182 2567 3354 2618 caecis
3377 2567 3639 2618 inmemor
3662 2583 3778 2617 esse
3801 2566 3949 2626 locis,

2780 2632 2875 2684 sed
2898 2633 3126 2698 cupidus
3149 2631 3303 2683 falsis
3326 2632 3595 2697 attingere
3618 2631 3821 2697 gaudia
3843 2630 4039 2697 palmis

2846 2698 3121 2749 Thessalis
3144 2697 3430 2764 antiquam
3457 2701 3680 2747 uenerat
3703 2696 3895 2747 umbra
3918 2696 4153 2747 domum.
4279 2712 4338 2747 10

2778 2762 2892 2813 illic
2914 2762 3172 2838 quicquid
3197 2779 3303 2822 erc,
3330 2777 3540 2828 semper
3564 2768 3661 2812 tua
3684 2761 3834 2812 dicar
3856 2761 4068 2827 imago:

2843 2828 3029 2879 traicit
3051 2832 3107 2879 et
3129 2827 3235 2879 fati
3256 2827 3419 2878 litora
3440 2843 3672 2891 magnus
3694 2842 3860 2877 amor.

2778 2891 2890 2943 illic
2913 2892 3179 2943 formosus
3203 2893 3430 2943 ueniant
3453 2892 3647 2942 chorus
3668 2892 3940 2952 heroinae,

2843 2974 2981 3024 quas
3003 2957 3156 3008 dedit
3181 2957 3404 3022 Argiuis
3428 2957 3690 3007 Dardana
3748 2956 3911 3007 raeda
3934 2955 4101 3016 uirisg

2778 3038 3010 3088 quarum
3035 3021 3187 3073 nulla
3210 3028 3310 3073 tua
3332 3021 3501 3073 fuerit
3523 3021 3675 3082 mihi,
3748 3020 3959 3087 ynthia,
3987 3020 4162 3073 forma
4277 3034 4333 3087 15

2842 3088 3064 3152 gratior,
3091 3093 3150 3139 et
3175 3087 3380 3149 (Tellus
3403 3087 3520 3146 hoc,
3548 3087 3629 3137 ita
3652 3087 3816 3147 iusta,
3843 3086 4013 3146 sinat)

2777 3152 3032 3219 quamuis
3053 3157 3110 3206 te
3133 3152 3327 3218 longae
3351 3157 3687 3203 remorentur
3709 3151 3827 3202 fata
3850 3156 4118 3212 senectae,

2840 3233 2968 3268 eara
2990 3225 3174 3269 tamen
3198 3216 3435 3268 lacrimis
3457 3233 3581 3268 ossa
3602 3216 3791 3267 futura
3814 3217 3980 3267 meis:

2775 3299 2917 3349 quae
2941 3289 3006 3335 tu
3031 3283 3163 3334 uiua
3184 3299 3306 3335 mea
3398 3283 3500 3333 ssis
3523 3283 3723 3333 sentire
3746 3280 3940 3333 fauilla
3961 3288 3973 3332 ε

2840 3353 2961 3400 tum
2985 3348 3118 3398 mihi
3142 3365 3248 3398 non
3274 3300 3397 3398 ulfo)
3409 3364 3550 3398 mors
3574 3348 3647 3398 sit
3670 3363 3857 3398 amara
3882 3347 4012 3397 loce.
4269 3363 4333 3399 20

2775 3429 2939 3479 quam
2964 3429 3167 3472 uereor,
3196 3428 3264 3463 ne
3287 3417 3342 3463 te
3365 3417 3692 3478 contempto,
3722 3411 3980 3478 Cynthia,
4007 3411 4170 3463 busto

2838 3477 3127 3529 abstrahat
3150 3494 3185 3529 a
3206 3483 3389 3528 nostro
3410 3477 3635 3553 puluere
3659 3477 3882 3543 iniquus
3905 3493 4071 3539 amor,

2774 3557 2837 3594 eo
2911 3547 2935 3592 t
2956 3548 3010 3593 et
3036 3542 3269 3593 inuitam
3292 3541 3543 3593 lacrimas
3567 3542 3765 3592 siccare
3788 3541 4070 3595 cadentes:

2878 3607 3077 3658 ectitur
3097 3607 3342 3658 adsiduis
3365 3613 3514 3658 certa
3537 3605 3719 3672 puella
3741 3606 3920 3657 minis.

2772 3688 2959 3739 quare,
2986 3672 3118 3723 dum
3141 3671 3287 3732 licet,
3313 3672 3459 3723 inter
3480 3688 3576 3722 nos
3602 3672 3867 3722 laetemur
3888 3673 4170 3725 amantesx
4268 3683 4329 3737 25

2837 3752 2946 3789 non
2968 3736 3106 3788 satis
3128 3741 3213 3789 est
3234 3735 3349 3792 ullo
3372 3743 3611 3803 tempore
3633 3735 3828 3803 longus
3849 3752 4017 3789 amor.

3495 3941 3605 3994 XX

2772 4056 2891 4108 Hoc
2913 4072 3008 4123 pro
3030 4057 3288 4108 continuo
3311 4060 3384 4118 te,
3411 4054 3588 4117 Galle,
3615 4072 3897 4108 monemus
3920 4072 4136 4119 amoreg
4205 4117 4208 4126 A

2835 4122 2891 4172 id
2917 4122 3017 4173 tibi
3042 4139 3109 4173 ne
3134 4139 3308 4173 uacuo
3330 4120 3538 4172 defluat
3560 4138 3626 4172 ex
3651 4122 3836 4172 animo
3857 4141 3872 4182 3

2769 4203 2930 4252 saepe
2931 4187 3268 4302 dinlprudlsinti
3293 4186 3514 4302 {orltuna
3535 4186 3767 4301 ogcxrrit
3789 4183 4002 4262 amanti

2834 4268 2929 4302 cru
2969 4268 2998 4302 e
3021 4268 3098 4303 is:
3201 4267 3344 4302 inuis
3406 4268 3453 4301 ιο
3477 4266 3568 4302 era
3670 4267 3902 4302 scamus.

2769 4321 2854 4368 est
2877 4316 2980 4367 tibi
3003 4333 3109 4368 non
3133 4314 3278 4367 infra
3299 4316 3493 4382 specie,
3520 4332 3627 4366 non
3652 4316 3870 4366 nomine
3894 4315 4078 4382 dispar
4296 4329 4326 4383 5

2834 4381 3264 4432 Thiodamanteo
3290 4381 3564 4447 proximus
3587 4380 3746 4431 ardor
3771 4379 3984 4446 Hylae:

2768 4446 2894 4497 huic
2917 4452 2999 4507 tu,
3025 4446 3142 4497 siue
3166 4445 3311 4511 leges
3336 4445 3572 4496 Vmbrae
3594 4461 3749 4495 sacra
3771 4445 3999 4497 flumina
4021 4445 4212 4508 siluae,

2833 4511 2950 4561 siue
2975 4511 3191 4562 Aniena
3214 4518 3337 4562 tuos
3360 4510 3590 4561 tinxerit
3614 4510 3762 4561 unda
3785 4510 3966 4576 pedes,

2767 4576 2885 4627 siue
2909 4577 3184 4640 Gigantea
3205 4575 3510 4641 spatiabere
3536 4575 3711 4626 litoris
3733 4592 3843 4635 ora,

2833 4641 2950 4692 siue
2975 4640 3304 4706 ubicumque
3328 4656 3468 4706 uago
3493 4639 3732 4690 fluminis
3755 4638 4008 4707 hospitio,
4268 4655 4329 4691 10

1222 4782 1335 4827 xvl
1363 4784 1422 4827 38
1453 4784 1648 4840 inm-ato
1667 4785 1919 4831 Fruterius
1940 4787 1991 4830 et
2010 4785 2195 4838 Dousa,
2218 4785 2458 4829 immerito
2477 4782 2582 4829 cod.
2609 4783 2743 4830 Pass.
2788 4787 2887 4829 tota
2908 4792 2965 4839 Ω,
2992 4782 3134 4828 turba
3155 4799 3202 4838 τ,
3224 4782 3406 4839 probra
3427 4782 3679 4841 Rossberg,
3699 4783 3785 4830 alii
3799 4783 3910 4830 alia.
3954 4784 4055 4829 loeo
4069 4793 4128 4840 Ω,
4151 4785 4254 4830 ioco
4274 4802 4321 4831 ·.-.

1106 4843 1167 4887 42
1195 4845 1316 4888 nixa
1345 4847 1641 4901 suspectum,

1105 4900 1210 4958 diff.
1248 4916 1294 4957 v,
1330 4901 1425 4958 des.
1463 4912 1521 4948 Ω.

1740 4858 1775 4888 a
1805 4844 2045 4889 Graeuius
2076 4847 2127 4888 et
2158 4843 2347 4897 Heius„
2382 4845 2538 4888 mixta
2568 4856 2632 4888 se.
2669 4842 2977 4896 carminibus,
3003 4841 3064 4887 cf.
3103 4841 3180 4886 111
3212 4842 3283 4888 13.
3317 4843 3388 4888 29.

1831 4904 1860 4945 3
1887 4904 2184 4959 corruptum.
2239 4903 2433 4947 solitam
2462 4902 2616 4957 Pasa,
2651 4902 2769 4947 solio
2799 4900 2992 4946 Verrall
3024 4905 3135 4959 post
3164 4900 3333 4946 Heius.
3368 4901 3453 4960 qui
3488 4916 3512 4946 e
3547 4903 3665 4947 solio
3692 4900 3795 4958 (sed
3827 4902 4116 4960 Cassiopeae
4150 4901 4298 4949 ‘sella

3454 4844 3514 4886 48
3544 4843 3779 4896 (memma
3809 4852 3868 4900 Ω,
3902 4857 4021 4889 corr.
4049 4842 4328 4922 Markland,

1105 4960 1260 5018 magis
1292 4958 1504 5017 tritum),
1545 4960 1813 5007 Castoreast
1847 4962 1985 5006 stella
2018 4963 2245 5006 inuisum
2285 4961 2489 5006 Housm.
2531 4959 2613 5016 (cf.
2654 4960 2746 5015 18),
2791 4960 3037 5016 Cassiopea
3065 4962 3210 5005 statio
3241 4959 3385 5006 Lech.
3470 4961 3498 5004 6
3529 4962 3740 5017 increpet
3775 4971 3828 5007 A.
3912 4962 3970 5004 11
4002 4974 4227 5018 reponere
4262 4971 4322 5018 Ω,

1106 5034 1226 5065 corr.
1264 5019 1440 5065 Baehr.
1507 5021 1565 5064 19
1595 5033 1768 5065 meum.
1813 5020 2006 5065 demum
2027 5020 2087 5075 A,
2112 5033 2206 5064 om.
2232 5019 2271 5064 F
2290 5034 2314 5064 s

1105 5079 1332 5133 Ηοιιειῐι..
1357 5079 1581 5124 chorebus
1610 5079 1665 5134 F,
1689 5079 1934 5124 littoribus
1962 5081 2078 5124 cett.

2379 5019 2452 5064 tio
2471 5018 2657 5066 relicto.
2720 5020 2781 5062 24
2811 5024 2914 5064 tum
2933 5033 2996 5064 m.
3022 5018 3125 5064 eod.
3156 5018 3289 5065 Pass.
3353 5020 3412 5062 2⁶
3433 5020 3574 5065 choro
3595 5030 3627 5065 ο
3645 5020 3706 5075 Ν,
3733 5025 3844 5065 noto
3865 5029 3918 5066 A.
3983 5020 4042 5063 28
4057 5019 4327 5077 pectoribus

2391 5079 2420 5121 9
2450 5080 2676 5123 carmina
2704 5087 2760 5124 Ω.
2827 5079 2884 5122 16
2913 5078 3105 5122 delectis
3135 5078 3183 5122 N
3204 5092 3249 5134 v,
3284 5079 3472 5124 dilectis
3502 5077 3559 5124 Ο.
3626 5079 3683 5121 17
3714 5080 3865 5124 colore
3889 5092 3921 5122 v
3941 5091 4057 5135 mg..
4092 5079 4244 5125 colore
4262 5089 4319 5126 Ω.

1105 5138 1165 5180 20
1197 5141 1365 5182 amata
1402 5146 1455 5184 A.
1520 5139 1592 5192 21,
1619 5139 1678 5181 22
1709 5138 2137 5183 uestras—teneris
2170 5135 2409 5182 Schrader
2439 5138 2492 5181 et
2527 5136 2783 5194 Koppiers,
2821 5138 3243 5182 tenerae—mestruas
3278 5135 3475 5194 (nostr-is
3509 5135 3561 5193 Φ)
3593 5146 3651 5184 Ω.
3715 5138 3776 5181 23
3810 5141 3861 5183 et
3895 5138 3955 5181 24
3983 5141 4096 5195 post
4126 5139 4154 5182 6
4185 5139 4325 5196 ponit

1105 5196 1312 5242 Housm.
1349 5195 1464 5242 fort.
1500 5200 1645 5242 recte.
1709 5197 1770 5240 23
1798 5210 1867 5241 an
1899 5201 1930 5242 t.
1962 5196 2090 5255 quod
2119 5205 2176 5241 Ω.
2241 5194 2456 5252 ἏΙΟΙιϊε
2477 5195 2651 5241 Baehr.

2715 5196 2775 5239 27
2803 5197 2874 5241 mi
2904 5209 3006 5251 uos,
3039 5195 3168 5240 nudi
3188 5201 3366 5242 montes
3387 5195 3662 5253 Markland,
3684 5196 3857 5241 diuini
3867 5196 4029 5253 sontes
4048 5205 4108 5253 Ω,
4132 5197 4324 5244 dumosi

1105 5260 1286 5301 montes
1316 5255 1507 5311 Heius„
1540 5255 1725 5301 dumeti
1754 5260 1903 5300 maes
1934 5256 2159 5308 Housm„
2193 5254 2391 5300 decidui
2421 5253 2614 5308 (melius
2644 5256 2772 5300 esset
2802 5255 2982 5300 declini
3008 5253 3089 5300 uel
3117 5254 3201 5309 τε)
3215 5254 3375 5310 sontes
3396 5254 3645 5301 Fonteine.
3711 5256 3768 5298 31
3791 5259 4019 5301 resonant
4040 5264 4089 5302 Φ.
4134 5255 4224 5302 tibi
4242 5256 4318 5310 El.

1102 5313 1216 5358 m
1244 5316 1276 5358 4
1303 5313 1537 5370 obsequiis
1564 5314 1636 5360 ΡΙ.

1106 5374 1332 5428 nouam„
1358 5372 1604 5430 formosae
1634 5382 1692 5419 Ω.
1757 5373 1904 5416 16-17
1935 5387 2028 5419 om.
2066 5373 2139 5418 F1.
2218 5373 2278 5415 1⁶
2304 5372 2488 5417 harum
2521 5372 2690 5418 Heius.
2772 5373 2830 5416 16
2866 5372 3174 5430 interpunxit
3209 5372 3320 5418 Leo.
3394 5374 3452 5415 17

1848 5434 1856 5442 ’
1894 5431 2002 5477 coll.
2030 5432 2122 5478 Ou.
2150 5431 2227 5476 Tr.
2250 5430 2328 5475 111
2348 5431 2392 5477 3.
2417 5431 2565 5477 81-84
2587 5431 2733 5488 (quod
2753 5433 2797 5477 εἰ
2816 5434 2873 5477 in
2894 5437 2937 5477 te
2957 5433 3224 5487 mepouim
3245 5430 3348 5476 cod.
3375 5428 3546 5486 Pasa),
3572 5446 3697 5488 quae
3716 5445 3826 5477 cum
3847 5433 4002 5477 mixta
4021 5435 4324 5490 meapoesim

1794 5492 1821 5534 1
1852 5491 1953 5536 Nec
1987 5500 2037 5546 Φ,
2071 5491 2208 5536 Haec
2231 5507 2277 5536 τ.
2343 5491 2387 5545 8,
2420 5492 2453 5534 4
2484 5490 2792 5549 interpunxit
2822 5490 3123 5547 Rutgersius.
3177 5491 3364 5535 minuis
3394 5510 3448 5547 μ,
3485 5492 3656 5535 ηιίηίιίε
3689 5491 3753 5548 N,
3786 5492 3971 5537 minim
4000 5491 4227 5549 peioraue
4258 5491 4319 5538 Ο.

1103 5432 1219 5479 fort.
1245 5446 1369 5490 quae
1390 5434 1517 5478 uiua
1537 5446 1643 5478 mea
1664 5436 1708 5477 te

1102 5492 1279 5539 Baehr.
1344 5492 1403 5534 22
1432 5505 1457 5537 e
1492 5501 1553 5538 Ω.

1701 5316 1731 5357 δ
1761 5316 1941 5359 nostrie
1974 5328 2019 5370 v,
2058 5318 2219 5358 noster
2246 5323 2302 5359 Ω.
2367 5313 2486 5356 8-11
2517 5327 2611 5359 om.
2648 5313 2702 5361 F.
2767 5314 2826 5357 10
2859 5314 3117 5358 Thessalus
3143 5313 3267 5359 AN.
3315 5314 3533 5359 uerberat
3564 5324 3617 5360 A.
3682 5314 3741 5357 13
3776 5315 3946 5360 ueniat
3974 5324 4029 5361 A.
4073 5312 4325 5370 formosus

3487 5373 3623 5428 lonae
3657 5376 3701 5418 te
3735 5373 3861 5419 AN.
3926 5371 4319 5420 lssuixsanum.

1102 5551 1182 5597 hic
1203 5548 1217 5609 (
1240 5548 1437 5607 =talis)
1469 5564 1571 5607 nos,
1606 5548 1714 5607 (sic)
1740 5555 1844 5596 erat
1875 5549 2072 5604 Baehr„
2104 5550 2299 5595 dixerat
2330 5549 2391 5606 Ο,
2423 5549 2605 5595 olixo-it
2636 5550 2701 5606 N,
2735 5554 2853 5595 cruz
2882 5554 2987 5595 erat
3011 5549 3216 5594 Housm.
3280 5550 3310 5591 δ
3339 5552 3489 5606 specie
3519 5549 3709 5608 Heius„
3744 5552 3944 5608 speciem
3963 5559 4022 5598 Ω..
4086 5551 4116 5596 6
4149 5549 4323 5597 stero-

1103 5607 1433 5670 danwnt(h>eo
1455 5620 1512 5657 Ω.

1577 5610 1607 5654 7
1627 5610 1760 5656 hunc
1781 5620 1814 5656 Φ
1832 5609 1894 5667 N,
1922 5623 2049 5656 nunc
2072 5619 2127 5665 A,
2152 5622 2272 5656 corr.
2298 5608 2533 5656 Auratus.
2578 5608 2828 5657 umbrosae
2837 5606 2894 5666 fl.
2921 5617 2980 5666 Ω,
3005 5622 3125 5656 corr.
3151 5608 3374 5656 Hoeufft.
