4890 6561
1309 1313 1921 1420 SEXTI

2090 1314 3124 1423 PROPERTI

1902 1561 2541 1645 CYNTHIA

1578 1795 1761 1877 QVI

1874 1796 2233 1861 VVLGO
2345 1797 2867 1862 VOCATVR

1654 2008 2123 2082 LIBER
2238 2009 2750 2083 PRIMVS

1342 2180 1435 2271 <122²

816 2324 1113 2375 YNTHIA
1137 2324 1342 2439 lprima
1396 2325 1510 2377 suis
1566 2326 1822 2377 miserum
1880 2343 1965 2379 me
2015 2327 2158 2393 cepit

617 2320 796 2516 C
910 2390 1412 2506 contgggultlisi’nullis
1436 2460 1564 2506 ante
1588 2456 1948 2522 cupidinibus.

603 2526 721 2570 tum
747 2518 878 2570 mihi
903 2520 1202 2570 constantis
1228 2520 1423 2571 deiecit
1448 2521 1657 2571 lumina
1680 2520 1857 2571 fastus

663 2591 720 2635 et
744 2590 909 2651 caput
934 2585 1183 2650 inpositis
1208 2586 1400 2650 pressit
1426 2586 1595 2635 Amor
1636 2585 1862 2647 ›edibuffi

602 2649 770 2701 donec
794 2666 880 2700 me
905 2649 1089 2700 docuit
1113 2656 1292 2700 castas
1315 2650 1491 2701 odisse
1518 2603 1725 2717 puellas
2132 2663 2157 2716 5

667 2714 940 2789 improbus
964 2720 1019 2765 et
1044 2714 1195 2765 nullo
1218 2715 1404 2766 uiuere
1427 2715 1664 2766 consilio.

602 2784 656 2830 et
682 2779 816 2829 uuhi
839 2778 948 2829 iam
974 2784 1089 2829 toto
1112 2780 1260 2829 furor
1282 2780 1369 2830 hic
1393 2796 1499 2830 non
1525 2780 1706 2831 deficit
1729 2796 1889 2841 anne,

665 2860 789 2894 cum
816 2848 998 2895 tamen
1023 2844 1279 2895 aduersos
1303 2861 1461 2910 cogor
1483 2844 1681 2895 habere
1705 2845 1847 2896 deoS.

602 2907 871 2959 Milanion
896 2909 1073 2958 nullos
1097 2909 1371 2974 fugiende,
1400 2910 1575 2969 Tulle,
1605 2909 1813 2961 labores

664 2973 952 3024 saeuitiam
980 2973 1147 3024 durae
1172 2974 1419 3024 contudit
1448 2974 1669 3025 Iasidos.
2103 2990 2162 3025 ιο

601 3054 727 3088 nam
754 3038 912 3088 modo
940 3038 1245 3089 Partheniis
1268 3055 1455 3089 amens
1479 3039 1694 3090 errabat
1717 3039 1773 3089 in
1796 3039 1986 3100 antris,

664 3103 780 3154 ibat
803 3109 859 3154 et
882 3102 1118 3154 hirsutas
1142 3103 1234 3154 ille
1258 3103 1442 3155 uidere
1464 3103 1621 3155 feras·

599 3298 693 3349 ille
716 3299 885 3350 etiam
912 3298 1112 3363 Hylaei
1138 3315 1420 3365 percussus
1444 3299 1668 3351 uerbere
1693 3299 1830 3351 rami

664 3363 883 3414 saucius
909 3364 1156 3414 Arcadiis
1182 3365 1405 3429 rupibus
1429 3364 1710 3430 ingemuit.

598 3444 724 3494 ergo
749 3428 988 3479 uelocem
1013 3429 1191 3494 potuit
1215 3429 1486 3479 domuisse
1512 3429 1747 3495 puellam
1773 3449 1784 3480 ε
2103 3443 2157 3496 ι5

664 3499 881 3544 tantum
906 3493 961 3544 in
985 3510 1167 3544 amore
1192 3510 1372 3559 preces
1395 3500 1451 3545 et
1476 3494 1759 3544 benefacta
1782 3494 1984 3545 ualent.

600 3558 656 3608 in
682 3575 767 3608 me
791 3558 980 3608 tardus
1007 3559 1176 3609 Amor
1200 3575 1304 3608 non
1330 3559 1471 3609 ullas
1495 3559 1699 3624 cogitat
1722 3565 1865 3610 artes

668 3639 765 3673 nec
790 3622 1039 3673 meminit
1063 3630 1238 3682 notas,
1267 3628 1331 3674 ut
1356 3624 1519 3689 prius,
1549 3624 1625 3674 ire
1649 3624 1783 3675 uias.

598 3693 658 3739 at
682 3705 797 3747 uos,
826 3687 1092 3738 deductae
1117 3688 1315 3764 quibus
1340 3695 1423 3738 est
1447 3688 1668 3739 fallacia
1692 3688 1855 3740 lunae

664 3759 720 3803 et
746 3752 896 3803 labor
919 3753 975 3802 in
1001 3753 1224 3818 magicis
1248 3769 1401 3803 sacra
1426 3753 1571 3818 piare
1596 3753 1744 3813 focis,
2098 3769 2162 3805 20

599 3833 667 3868 en
692 3816 926 3880 agedum
952 3817 1201 3868 dominae
1226 3823 1461 3868 mentem
1485 3819 1786 3869 conuertite
1810 3823 2025 3870 nostrae

665 3889 721 3932 et
747 3882 910 3933 facite
937 3882 1030 3933 illa
1055 3899 1174 3933 meo
1199 3882 1402 3949 palleat
1425 3900 1514 3933 ore
1538 3882 1725 3948 magis.

599 3953 732 3997 tunc
756 3964 856 4010 ego
879 3946 1195 3997 crediderim
1220 3947 1374 3998 uobis
1398 3953 1454 3999 et
1477 3947 1653 3998 sidera
1677 3952 1734 3999 et
1755 3963 1943 4000 amnes

664 4028 819 4077 posse
845 4012 1125 4077 Cytinaeis
1149 4012 1342 4063 ducere
1366 4012 1710 4063 carminibus,

599 4083 697 4127 aut
721 4093 838 4136 uos,
868 4077 962 4142 qui
986 4094 1103 4126 sero
1128 4077 1339 4142 lapsum
1362 4077 1646 4137 reuocatis,
1673 4077 1853 4138 amici,
2098 4090 2161 4144 25

665 4141 910 4207 quaerite
934 4158 1039 4191 non
1066 4142 1185 4193 sani
1210 4142 1437 4207 pectoris
1461 4143 1685 4193 auxilia.

600 4206 813 4257 fortiter
834 4212 890 4257 et
915 4206 1112 4256 serrum
1138 4223 1330 4257 saeuos
1356 4208 1625 4272 patiemur
1648 4212 1703 4258 et
1726 4207 1895 4282 ignee,

665 4272 738 4321 sit
763 4271 920 4320 modo
945 4271 1165 4322 libertas
1189 4289 1330 4337 qnae
1355 4271 1489 4322 uelit
1513 4272 1594 4323 ira
1617 4272 1779 4337 loqui.

600 4335 737 4386 ferte
762 4352 855 4401 per
877 4340 1147 4386 extremas
1170 4342 1359 4400 gentes
1383 4341 1439 4387 et
1462 4337 1597 4388 ferte
1620 4353 1714 4402 per
1736 4336 1928 4398 undas,

665 4417 775 4466 qua
800 4417 906 4450 non
931 4400 1045 4451 ulla
1068 4417 1249 4452 meum
1274 4401 1478 4452 femina
1502 4401 1643 4452 norit
1668 4401 1784 4452 iter.
2096 4416 2163 4469 30

600 4482 708 4540 uos‘
724 4470 1015 4524 remanete,
1042 4465 1241 4531 quibus
1264 4464 1413 4516 facili
1435 4466 1569 4517 deus
1592 4465 1788 4516 adnuit
1814 4483 1961 4528 aure,

665 4530 785 4580 sitis
809 4536 864 4580 et
890 4530 943 4579 in
970 4536 1091 4580 tuto
1114 4547 1324 4596 semper
1344 4546 1525 4582 amore
1550 4548 1718 4596 pares·

600 4594 656 4645 in
684 4611 768 4646 me
793 4600 976 4645 nostra
1002 4595 1187 4645 Venus
1213 4602 1395 4646 noctes
1419 4601 1632 4647 exercet
1654 4611 1886 4656 amaram,

664 4666 719 4711 et
745 4659 895 4710 nullo
919 4676 1127 4710 uacuus
1151 4665 1260 4710 tem
1335 4677 1388 4711 re
1412 4660 1542 4712 defit
1566 4677 1731 4712 amor.

601 4725 717 4785 hoc,
746 4740 954 4786 mone0,
983 4724 1157 4776 nitate
1181 4741 1272 4775 ma
1296 4742 1419 4777 um:
1456 4742 1557 4777 sua
1580 4741 1850 4792 quemque
1874 4731 2111 4776 moretur

2326 2222 2474 2265 cura,
2503 2223 2678 2282 neque
2702 2212 2920 2258 assueto
2946 2211 3119 2257 mutet
3144 2222 3325 2257 amore
3351 2210 3545 2257 torum.
3762 2209 3826 2271 36

2261 2270 2406 2336 quod
2430 2271 2477 2321 si
2540 2288 2623 2322 uis
2649 2272 2867 2323 monitis
2893 2272 3077 2322 tardas
3100 2271 3398 2322 aduerterit
3421 2288 3595 2331 aures,

2327 2335 2435 2386 heu
2461 2290 2653 2388 releret
2677 2343 2884 2405 quanto
2908 2337 3075 2389 uerba
3097 2336 3278 2387 dolore
3302 2353 3422 2387 mea
3448 2343 3457 2387 !

3003 2564 3139 2655 w

2266 2716 2406 2779 Quid
2435 2716 2595 2767 iuuat
2620 2722 2810 2767 ornato
2835 2716 3132 2782 procedere,
3160 2716 3297 2776 uita,
3326 2716 3523 2782 capillo

2328 2786 2385 2831 et
2409 2789 2601 2832 tenues
2626 2782 2738 2833 Coa
2762 2788 2914 2832 ueste
2940 2797 3156 2831 mouere
3179 2781 3365 2830 sinus?

2263 2851 2363 2897 aut
2386 2846 2519 2912 quid
2546 2849 2783 2897 Orontea
2807 2846 2979 2897 crines
3005 2845 3321 2911 perfundere
3346 2861 3544 2906 murra,

2328 2916 2492 2977 teque
2517 2928 2639 2976 pere
2704 2911 2808 2961 inis
2832 2910 3066 2962 uendere
3091 2910 3421 2970 muneribus,

2264 2982 2601 3041 naturaeque
2625 2928 2788 3027 «firmis
2812 2980 3048 3026 mercato
3070 2975 3288 3040 perdere
3310 2974 3464 3026 cultu
3794 2987 3819 3040 5

2329 3057 2426 3091 nec
2450 3040 2625 3091 sinere
2649 3041 2705 3091 in
2731 3056 2824 3106 pro
2864 3041 2955 3090 riis
2981 3040 3220 3090 membra
3245 3039 3414 3090 nitere
3441 3040 3627 3090 bonis?

2262 3105 2417 3156 crede
2442 3105 2593 3165 mihi,
2622 3122 2728 3155 non
2753 3104 2810 3155 ul
2834 3122 2868 3155 a
2892 3111 3022 3156 tuae
3044 3110 3128 3155 est
3152 3104 3420 3155 medicina
3445 3105 3647 3169 figurae
3668 3126 3679 3156 ε

2328 3170 2510 3220 nudus
2533 3171 2703 3221 Amor
2725 3170 2928 3221 formae
2953 3186 3058 3219 non
3083 3175 3234 3220 amat
3257 3170 3535 3220 artificem.

2262 3234 2442 3301 aspice
2467 3252 2601 3301 quos
2625 3235 2936 3286 summittat
2959 3235 3159 3286 humus
3182 3234 3416 3286 formosa
3439 3235 3656 3296 colores,

2328 3307 2391 3351 ut
2415 3300 2641 3352 ueniant
2665 3301 2894 3352 hederae
2917 3308 3108 3366 sponte
3131 3317 3232 3351 sua
3256 3300 3467 3361 melius,
3767 3315 3826 3350 ιο

2262 3372 2452 3429 surgat
2475 3373 2531 3416 et
2554 3366 2608 3416 in
2634 3365 2761 3416 solis
2785 3365 3068 3416 formosius
3091 3365 3319 3417 arbutus
3341 3366 3530 3426 antris,

2328 3439 2384 3481 et
2407 3430 2544 3481 sciat
2569 3430 2826 3482 indociles
2849 3447 3058 3482 currere
3083 3429 3194 3496 lym
3234 3430 3306 3481 ha
3332 3430 3467 3482 uias

2262 3493 2423 3546 litora
2448 3495 2652 3545 natiuis
2677 3512 2760 3546 res
2798 3496 3021 3547 lendent
3044 3494 3190 3560 picta
3235 3494 3435 3561 apillis,

2328 3566 2384 3611 et
2408 3559 2654 3610 uolucres
2679 3512 2833 3611 nulla
2856 3559 3068 3610 dulcius
3093 3565 3210 3610 arte
3233 3567 3453 3610 canunt.

2264 3641 2370 3674 non
2394 3625 2472 3675 sic
2497 3624 2698 3690 Leucip
2734 3625 2780 3674 is
2804 3624 3082 3675 succendit
3107 3625 3334 3674 Castora
3359 3624 3590 3684 Phoebe,
3766 3640 3782 3674 ι
3794 3637 3820 3688 5

2330 3689 2604 3740 Pollucem
2630 3705 2695 3740 cu
2723 3695 2783 3740 tu
2808 3705 2913 3739 non
2943 3688 3154 3739 Hilaira
3176 3704 3340 3749 soror,

2264 3770 2389 3815 non,
2419 3754 2551 3805 Idae
2575 3760 2630 3805 et
2653 3754 2848 3820 cupido
2909 3753 3144 3803 nondam
3169 3752 3436 3805 discordia
3461 3752 3694 3813 Phoebo,

2330 3819 2507 3870 Eueni
2533 3819 2721 3884 patriis
2745 3819 2858 3869 filia
2903 3818 3147 3878 itoribuS,

2263 3900 2361 3935 nec
2388 3884 2684 3949 Phrygium
2709 3883 2846 3934 falso
2870 3883 3040 3934 traxit
3062 3882 3292 3934 candore
3316 3881 3574 3934 maritum

2327 3953 2525 4000 auecta
2548 3949 2784 3999 externis
2811 3948 2885 3999 Hi
2925 3947 3175 4013 podamia
3197 3947 3361 4008 rotis;
3761 3963 3825 3999 20

2263 4013 2357 4064 sed
2383 4013 2548 4063 facies
2571 4013 2762 4064 aderat
2785 4013 2878 4063 nul
2904 4013 2949 4062 is
2973 4012 3206 4063 obnoxia
3228 4011 3472 4077 gemmis,

2328 4078 2508 4143 qualis
2533 4078 2774 4143 Apelleis
2797 4084 2880 4128 est
2903 4076 3047 4127 color
3067 4077 3124 4128 in
3150 4076 3366 4128 tabulis

2263 4159 2371 4193 non
2396 4143 2504 4193 illis
2529 4143 2773 4193 studium
2797 4142 2965 4208 uulgo
2987 4158 3086 4192 con
3128 4142 3299 4194 uirere
3322 4146 3571 4193 amantes
3592 4161 3606 4203 ς

2329 4207 2437 4258 illis
2461 4208 2644 4274 ampla
2667 4207 2800 4258 satis
2824 4207 2995 4258 forma
3020 4223 3094 4273 pu
3133 4207 3297 4257 icitia.

2263 4288 2369 4323 non
2396 4289 2495 4338 ego
2519 4289 2662 4323 nunc
2688 4289 2891 4333 uereor,
2919 4289 2987 4323 ne
3012 4272 3112 4322 sim
3139 4272 3240 4323 tibi
3264 4270 3425 4322 uilior
3448 4271 3567 4322 istis
3588 4292 3600 4323 ε
3758 4285 3817 4338 25

2329 4338 2424 4388 uni
2449 4338 2609 4404 siqua
2633 4337 2828 4403 placet,
2856 4337 3006 4388 culta
3067 4336 3213 4388 uella
3236 4342 3322 4388 sat
3346 4341 3445 4395 est,

2262 4418 2385 4453 cum
2410 4403 2512 4453 tibi
2537 4403 2850 4469 praesertim
2876 4402 3021 4452 Phoe
3061 4419 3125 4452 us
3148 4418 3249 4452 sua
3272 4401 3511 4452 carmina
3534 4401 3696 4453 donet

2328 4468 2566 4518 Aoniam
2608 4484 2674 4517 ue
2700 4467 2872 4518 libens
2898 4467 3176 4532 Calliopea
3199 4467 3390 4527 lvrain,

2265 4532 2425 4583 unica
2450 4549 2546 4583 nec
2569 4485 2711 4583 {lesit
2734 4532 2986 4582 iucundis
3008 4532 3186 4597 gratia
3209 4519 3387 4591 dictis,
3760 4547 3821 4594 29

2327 4597 2511 4647 omnia
2533 4613 2781 4662 quaeque
2807 4597 2994 4647 Venus
3017 4612 3264 4671 quaeque
3293 4596 3542 4646 Minerua
3567 4596 3772 4661 probat.

2262 4661 2346 4711 his
2371 4668 2432 4712 tu
2459 4678 2668 4726 semper
2690 4661 2793 4712 eris
2818 4669 3032 4711 nostrae
3055 4661 3366 4725 gratissima
3389 4661 3556 4723 uitae,

2327 4726 2512 4777 taedia
2535 4727 2664 4776 dum
2689 4726 2914 4777 miserae
2938 4726 3048 4776 sint
3072 4725 3171 4776 tibi
3195 4724 3459 4776 luxuriae.

721 4878 746 4923 1
769 4877 792 4921 1
812 4878 840 4921 1
854 4877 974 4934 fecit
996 4879 1041 4923 A
1062 4878 1351 4934 (Vossianus
1373 4879 1450 4935 38)
1472 4879 1511 4924 F
1533 4879 1910 4934 (Laurentianus
1930 4878 2053 4937 plut.
2080 4878 2155 4936 36,
2179 4879 2270 4932 49).
2335 4881 2364 4923 δ
2397 4885 2556 4925 castas
2587 4880 2752 4926 docuit
2775 4879 2838 4924 V¹
2862 4880 2928 4936 (V
2950 4897 2992 4917 =
3014 4879 3636 4926 Ottoboniano·Vaticanus
3668 4880 3818 4935 1514).

602 4937 631 4980 'l
660 4939 811 4982 annia
840 4938 886 4982 A
907 4937 983 4988 (F1
1002 4936 1039 4992 ἲ)
1060 4938 1123 4991 V,
1157 4938 1235 4982 hic
1266 4938 1414 4984 etiarn
1437 4939 1562 4984 totis.
1627 4939 1656 4982 9
1677 4939 1929 4984 Minalae'on
1951 4948 1983 4984 Φ
2005 4939 2020 4994 (
2040 4956 2089 4974 =
2111 4940 2156 4983 A
2172 4938 2229 4994 F)
2252 4939 2625 4997 N(eapolitanus
2646 4940 2749 4984 siue
2771 4939 3185 4996 Guelferbytanus
3207 4938 3336 4984 inter
3357 4939 3606 4984 Gudianos
3627 4940 3734 4992 224)
3757 4941 3818 4996 V,

601 5011 720 5041 corr.
750 4995 969 5042 Volscus.
1035 4997 1093 5039 12
1115 4997 1381 5053 illaqueare
1411 4997 1455 5042 A
1491 5011 1680 5051 rmann,
1706 5000 1973 5043 comminus
2000 4998 2082 5043 ille
2103 4997 2349 5053 Palm(er).
2400 4999 2459 5041 13
2481 4999 2662 5053 Hylaei
2685 4998 2905 5050 Volscus,
2924 5000 3066 5054 psilli
3089 5007 3121 5043 Φ
3139 4998 3186 5041 V
3207 4998 3268 5042 N.
3305 4998 3494 5043 uerbere
3514 4998 3816 5055 Baehr(ens)‚

603 5056 805 5100 uulnere
826 5056 872 5100 N
888 5055 949 5111 V,
984 5055 1154 5102 arbore
1174 5065 1223 5101 Φ.
1287 5055 1439 5114 aliqui
1506 5056 1641 5113 (aute
1662 5055 1740 5112 12)
1770 5056 2072 5102 intercidisse
2103 5058 2296 5103 monuit
2325 5055 2636 5112 Housm(an).
2702 5058 2761 5101 18
2788 5071 2959 5113 preces.
2996 5057 3121 5113 fides
3145 5057 3382 5102 Fonteine
3413 5057 3526 5103 fort.
3553 5061 3699 5104 recte.
3765 5060 3822 5102 17

602 5128 699 5159 non
732 5114 896 5158 nullas
918 5123 950 5159 Φ
969 5114 1015 5158 N
1037 5114 1095 5158 V.
1162 5115 1220 5158 19
1246 5116 1455 5171 pellacia
1486 5115 1755 5161 Palmerius
1776 5119 1828 5162 et
1850 5116 1901 5161 L.
1928 5116 2196 5161 Fruterius.
2271 5117 2331 5159 20
2351 5116 2468 5172 sata
2500 5116 2750 5172 Fonteine‚
2777 5116 2838 5161 cf.
2868 5116 2944 5160 111
2969 5116 3009 5161 1.
3036 5117 3078 5161 1.
3148 5117 3207 5159 23
3237 5122 3280 5161 εἰ
3311 5116 3510 5162 ωιιὺναε
3540 5115 3822 5174 Clercquius

608 5173 803 5218 ‘manes
820 5170 831 5190 ’
853 5172 1154 5230 intellegens,
1179 5173 1294 5219 fort.
1323 5177 1467 5219 recte.
1532 5175 1592 5217 24
1616 5175 1864 5230 Cytinaeis
1884 5174 2168 5232 Hertzberg,
2194 5173 2560 5232 ci(y)t(h)atim·s
2582 5184 2614 5220 Φ
2629 5176 2673 5220 N
2693 5174 2754 5231 V,
2785 5177 3011 5231 Cymines
3031 5174 3158 5220 idem
3182 5174 3380 5220 Hertzb.
3407 5178 3458 5220 et
3478 5174 3587 5220 edd.
3613 5179 3817 5221 recentt.

602 5232 660 5275 25
680 5236 767 5276 aut
786 5231 1161 5290 Hematerhuys,
1186 5237 1229 5277 et
1251 5241 1284 5277 Φ
1300 5232 1347 5277 N
1366 5233 1427 5279 V.
1483 5232 1542 5277 33
1562 5236 1857 5291 corruptum.
1914 5239 2096 5280 nostra.
2140 5235 2273 5279 dura
2293 5234 2542 5288 FranciuS,
2566 5233 2684 5279 fort.
2709 5248 2871 5289 uorsa,
2896 5234 2959 5279 cf.
2987 5234 3042 5281 17
3061 5249 3073 5286 ;
3105 5249 3178 5279 me
3199 5248 3295 5279 mm
3315 5238 3484 5279 nostra
3505 5233 3711 5283 Housm.
3766 5236 3836 5278 34-

602 5292 760 5336 Amor
774 5290 948 5336 Baehr.
966 5290 1108 5337 male.
1154 5292 1212 5335 38
1229 5305 1310 5337 nec
1322 5291 1376 5337 F.
1418 5296 1577 5336 torum
1594 5292 1732 5348 Otto,
1749 5294 1906 5338 locum
1919 5301 1952 5337 Φ
1968 5293 2013 5338 N
2032 5293 2092 5338 V.
2178 5291 2226 5336 11
2242 5294 2269 5337 'l
2284 5298 2369 5338 tua
2384 5298 2451 5338 est
2467 5302 2499 5338 Φ
2514 5293 2560 5338 N
2574 5292 2703 5338 unde
2716 5298 2870 5338 tuaest
2885 5293 2936 5338 L.
2956 5291 3216 5350 Muell(er).
3262 5294 3291 5336 8
3299 5293 3518 5350 sormam
3531 5293 3816 5350 Heinsius).

602 5349 631 5392 9
652 5350 851 5394 dumosa
876 5349 1073 5405 Baehr.,
1098 5364 1197 5395 non
1224 5351 1362 5396 iussa
1392 5350 1696 5405 Sandatrom,
1722 5366 1909 5397 morosa
1931 5351 2134 5398 Houam.
2200 5352 2259 5395 10
2280 5358 2332 5398 ιιι
2355 5351 2486 5407 Itali,
2513 5357 2555 5397 ct
2579 5360 2611 5396 Φ
2628 5353 2674 5397 N
2693 5352 2753 5398 V.
2819 5352 2876 5395 13
2897 5353 3195 5408 resplendent
3217 5366 3318 5407 nos,
3340 5352 3638 5408 persuadent
3661 5361 3693 5397 Φ
3710 5353 3756 5397 Ν
3773 5353 3822 5397 V

602 5406 850 5466 (collucent
874 5407 940 5466 τ),
1038 5408 1284 5464 αςὴιίῃεπι
1315 5409 1511 5464 Baehr„
1541 5424 1633 5466 per
1661 5424 1709 5455 se
1738 5411 1851 5456 dent
1882 5409 2147 5467 Scal(iger).
2213 5411 2272 5453 14
2300 5411 2397 5457 inci
2433 5411 2474 5455 it
2505 5411 2896 5468 D(auentrienaia
2929 5411 3077 5464 1792).
3143 5416 3323 5456 canant
3345 5425 3374 5454 v
3398 5409 3540 5467 (=V
3560 5415 3818 5468 correctus,

601 5466 826 5524 similiter
847 5467 869 5513 f
890 5482 922 5513 n
944 5466 975 5511 d
999 5501 1009 5512 .
1076 5468 1134 5511 16
1166 5468 1321 5513 ilaira
1342 5483 1390 5522 n,
1416 5469 1593 5513 telaria
1617 5469 1678 5522 N,
1705 5470 1799 5515 tela
1823 5471 1903 5514 ira
1926 5478 1974 5525 Φ,
2001 5470 2211 5514 tltclaira
2235 5479 2271 5515 Δ
2296 5468 2309 5526 (
2330 5489 2375 5504 --
2461 5469 2537 5526 V).
2605 5470 2662 5512 17
2695 5470 2804 5515 idac
2825 5485 2858 5515 n
2880 5485 2924 5525 v,
2950 5471 3037 5515 ida
3057 5469 3137 5526 Ω(
3160 5489 3203 5504 --
3224 5478 3256 5514 Φ
3276 5479 3312 5515 Δ
3331 5467 3414 5526 Ν).
3479 5470 3537 5513 18
3563 5470 3726 5516 Eueni
3746 5485 3776 5516 n
3801 5472 3823 5518 f

603 5539 696 5582 mg.
724 5540 755 5569 v
776 5540 891 5583 mg„
911 5527 1077 5586 ‚euenit
1097 5524 1171 5582 O(
1196 5545 1246 5562 =
1269 5535 1301 5571 Φ
1319 5525 1393 5582 Δ),
1418 5532 1461 5573 et
1495 5529 1630 5573 uenit
1652 5528 1752 5581 Νμ
1775 5526 2041 5584 (Parisinus
2065 5528 2184 5573 8233
2215 5528 2319 5573 siue
2352 5528 2712 5582 Memmianua).
2777 5529 2836 5573 22
2868 5533 2910 5573 et
2943 5529 3080 5574 Otto.
3145 5529 3203 5570 23
3233 5529 3383 5583 υιιῑρο
3414 5537 3472 5583 Ω,
3489 5527 3608 5584 fuco
3629 5528 3818 5586 Eldick,

602 5586 829 5642 aquirere
849 5585 1017 5642 amit(c
1039 5584 1165 5643 mm
1186 5593 1235 5644 Φ,
1251 5584 1447 5644 fulyore
1466 5588 1726 5645 anquira-e
1747 5588 1973 5645 Housm„
1999 5587 2114 5633 fort.
2130 5587 2375 5645 fulvor-cm
2396 5602 2545 5645 unqu.
2571 5589 2793 5636 amictus.
2857 5588 2917 5632 28
2937 5589 3150 5646 caliopea
3172 5597 3228 5634 Δ.
3291 5587 3350 5632 29
3371 5588 3528 5636 uerbi-3
3550 5597 3582 5633 Φ
3598 5587 3662 5638 Ν.
