4890 6561
2157 539 2466 595 PRAEFA
2478 541 2559 594 TI
2556 540 2599 597 O
3957 552 3998 591 'V

781 708 1029 789 quidem
1059 710 1426 778 traiciendis,
1448 709 1613 787 quod
1642 708 2010 768 emendandi
2039 708 2537 787 Properti'genus
2564 728 2828 785 magnus
2850 708 2953 768 ille
2977 706 3248 788 Scaliger
3267 709 3505 768 inuenit
3521 707 3997 785 infamauitque,

781 806 1043 864 fortasse
1060 805 1374 881 aliquibus
1390 804 1704 862 liberiores
1721 802 2090 862 uidebimur.
2147 823 2287 861 cum
2305 804 2472 862 enim
2490 804 2827 881 suptilioris
2848 803 3104 863 rationis
3125 803 3372 862 acrioris
3389 801 3730 861 industriae
3749 800 3999 860 maioris

781 898 967 957 etiam
999 897 1252 974 peritiae
1282 897 1365 955 sit
1394 916 1517 974 quo
1546 897 1819 974 quidque
1856 897 2069 957 ordine
2112 897 2340 957 dixerit
2372 904 2557 975 poeta
2597 917 2784 975 quam
2827 897 2979 974 quid
3021 897 3244 956 dixerit
3279 897 3506 965 uidere,
3536 894 3999 956 trajectionibus

780 1011 1074 1051 uersuum
1104 991 1291 1050 etiam
1314 990 1664 1050 necessariis
1692 990 2112 1067 compluribus
2139 991 2350 1050 nocuit
2377 992 2655 1050 uirorum
2682 992 2998 1051 doctorum
3028 995 3251 1050 notatu
3278 990 3468 1066 digna
3492 989 3748 1056 incuria,
3775 988 4003 1047 horum

782 1085 913 1143 sine
941 1083 1325 1161 argumentis
1343 1084 1928 1153 commendantium,
1948 1083 2196 1143 illorum
2220 1085 2355 1162 pari
2376 1085 2632 1144 leuitate
2648 1085 3034 1144 indemnatae
3048 1083 3488 1162 iugulantium.
3572 1101 3728 1160 quae
3749 1099 3888 1139 cum
3911 1080 4002 1139 ita

782 1179 925 1245 sint,
948 1177 1147 1255 primo
1165 1177 1272 1253 qui
1295 1177 1758 1236 traiectionibus
1774 1178 2025 1237 omnino
2046 1178 2300 1254 negabit
2315 1179 2638 1247 utendum,
2657 1178 2967 1237 abstineat
2984 1197 3239 1236 manum
3266 1196 3304 1236 a
3331 1176 3670 1254 Propertio,
3752 1173 3805 1233 is
3833 1173 3998 1232 enim

781 1271 962 1330 iudex
992 1275 1088 1329 est
1110 1270 1218 1348 qui
1241 1271 1392 1348 quid
1413 1270 1577 1328 inter
1597 1276 1811 1348 poetae
1831 1274 2111 1331 membra
2126 1272 2382 1331 disiecta
2397 1278 2461 1331 et
2481 1292 2691 1351 scopas
2709 1272 3009 1350 quasdam
3031 1271 3363 1331 dissolutas
3380 1269 3625 1330 intersit
3644 1269 4000 1345 dignoscere

780 1370 1064 1443 nequeat.
1148 1363 1372 1423 deinde
1395 1364 1518 1423 illis
1547 1364 1655 1441 qui
1681 1365 1870 1424 talem
1899 1366 2068 1424 uiam
2098 1366 2337 1443 ingredi
2361 1386 2485 1424 non
2528 1367 2871 1443 refugerint
2911 1370 3056 1425 ante
3093 1364 3300 1423 omnia
3336 1362 3802 1424 Ciceronianum
3843 1359 4004 1417 illud

778 1458 1114 1518 uidendum
1148 1464 1242 1517 est
1272 1466 1286 1489 ‘
1307 1459 1655 1535 quatenus.'
1760 1479 1904 1517 nam
1936 1460 2013 1518 de
2041 1459 2417 1518 carminibus
2445 1460 2569 1517 alia
2596 1460 2734 1518 aliis
2771 1458 2969 1517 multo
2998 1460 3195 1535 magis
3233 1459 3454 1516 misere
3490 1460 3737 1533 accepta
3778 1462 3927 1513 sunt
3963 1472 4003 1511 a

778 1553 1047 1612 librariis
1077 1557 1147 1611 ut
1174 1553 1434 1612 fortasse
1452 1552 1638 1610 etiam
1667 1572 1740 1611 ex
1767 1552 2006 1612 laciniis
2026 1553 2400 1630 quibusdam
2418 1554 2627 1612 reficta
2645 1553 2817 1611 haud
2844 1553 3110 1611 absurde
3130 1558 3326 1630 putes,
3351 1571 3474 1629 quo
3504 1551 3580 1609 de
3609 1569 3825 1627 genere
3854 1553 4004 1607 sunt

778 1647 850 1707 H
878 1647 961 1717 vi,
988 1647 1096 1705 111
1124 1646 1228 1715 vii,
1258 1646 1353 1705 IV
1381 1645 1459 1705 xi.
1530 1646 1595 1704 in
1625 1646 1853 1724 quibus
1884 1646 1937 1705 si
1965 1666 2114 1706 uera
2141 1647 2337 1707 teneri
2364 1666 2491 1706 non
2519 1651 2829 1725 poterunt,
2846 1646 2914 1704 in
2942 1646 3073 1704 ueri
3100 1644 3433 1705 simillimis
3471 1645 3588 1703 erit
3617 1643 3998 1720 acquiescen-

779 1742 948 1809 dum,
978 1760 1105 1809 nec,
1137 1742 1189 1799 si
1231 1741 1437 1800 omnia
1477 1752 1602 1799 non
1630 1746 1954 1818 poterunt,
1983 1741 2210 1801 idcirco
2252 1741 2424 1800 nulla
2466 1742 2725 1801 uulnera
2766 1740 3074 1813 sananda;
3117 1745 3180 1798 et
3217 1734 3734 1816 quoniam'huius
3761 1734 4000 1812 praefa-

779 1835 967 1894 tionis
996 1836 1148 1894 fines
1175 1832 1517 1911 longiorem
1544 1834 1881 1893 excludunt
1910 1834 2412 1912 disputationem,
2443 1840 2740 1912 quattuor
2779 1841 3025 1893 tantum
3069 1832 3379 1910 exemplis,
3406 1851 3485 1890 ne
3522 1829 3806 1888 absentes
3837 1825 4002 1886 subi-

778 1929 972 1989 tariae
1019 1929 1308 1988 audaciae
1356 1929 1739 1998 damnemur,
1771 1934 1973 1988 cetera
2021 1948 2264 2007 quoque
2306 1929 2564 1988 a'nobis
2610 1929 2846 1988 ratione
2889 1932 3053 1988 certa
3096 1927 3227 1985 siue
3266 1924 3444 1984 traici
3479 1923 3611 1983 siue
3647 1921 3770 1980 alio
3814 1918 3998 1978 modo

780 2022 1012 2081 mutari
1040 2022 1271 2100 peritos
1299 2022 1671 2080 docebimus,
3573 2019 3578 2025 '

940 2136 1012 2174 ac
1039 2104 1236 2192 primo
1264 2116 1513 2193 quidem
1553 2116 1686 2175 loco
1728 2135 2026 2193 ponemus
2065 2116 2158 2174 IV
2194 2116 2276 2175 vii
2321 2117 2376 2185 3,
2420 2117 2463 2174 4,
2503 2125 2518 2149 ⁴
2545 2116 2816 2196 Cynthia
2857 2135 3122 2193 namque
3163 2133 3299 2172 meo
3339 2112 3476 2171 uisa
3516 2115 3610 2170 est
3646 2108 3998 2168 incumbere

778 2207 979 2267 fulcro
1016 2206 1023 2287 Ι
1063 2228 1258 2285 nuper
1285 2207 1366 2267 ad
1393 2213 1697 2268 extremae
1723 2229 2006 2268 murmur
2034 2210 2293 2269 humata
2322 2211 2459 2269 uiae
2478 2211 2511 2270 '.
2597 2211 2745 2270 haec
2772 2212 2848 2270 de
2877 2210 3148 2288 Cynthia
3172 2211 3345 2267 iuxta
3374 2208 3542 2267 uiam
3572 2205 3692 2265 sita
3719 2208 3830 2262 aut
3864 2222 3996 2280 per-

779 2324 954 2362 uerse
983 2304 1443 2380 interpretando
1472 2307 1582 2361 aut
1612 2311 1626 2334 ‘
1645 2323 1915 2363 marmor
1933 2305 1947 2330 '
1974 2303 2077 2363 uel
2106 2314 2119 2337 ‘
2144 2305 2423 2380 margine
2445 2307 2459 2330 ’
2490 2305 2868 2364 inferciendo
2897 2305 3064 2363 dicta
3101 2321 3231 2364 esse
3270 2305 3515 2378 cogunt.
3601 2295 3800 2376 quid?
3845 2314 3995 2355 num

778 2398 1047 2474 Appiam
1100 2397 1475 2473 ignoramus,
1518 2404 1897 2475 praetextam
1954 2398 2345 2475 sepulchris?
2417 2419 2573 2457 num
2628 2399 2936 2466 Latinam,
2981 2417 3134 2456 num
3189 2394 3581 2459 Flaminiam,
3636 2410 3789 2449 num
3845 2387 4013 2448 alias·

781 2489 1124 2549 sescentas?
1157 2491 1381 2549 mirum
1410 2491 1473 2549 ni
1502 2491 1568 2549 in
1595 2491 1803 2568 aliqua
1829 2492 1935 2549 uia
1963 2499 2235 2551 extrema
2263 2492 2512 2569 sepulta
2533 2500 2694 2551 esset
2722 2492 3010 2570 Cynthia.
3076 2490 3384 2549 ‘sedheus
3402 2487 3530 2546 tul'
3551 2484 3754 2562 inquit
3775 2481 4000 2560 aliquis

781 2596 795 2618 ⁶
816 2586 1175 2663 Propertius
1202 2605 1406 2643 nonne
1429 2584 1659 2643 sciebat
1679 2586 1881 2643 locum
1903 2585 2013 2643 ubi
2031 2587 2251 2645 iaceret
2275 2606 2387 2645 sua
2409 2586 2723 2664 Cynthia?
2765 2606 2872 2645 cur
2893 2586 3089 2663 igitur
3108 2584 3173 2642 in
3189 2602 3252 2642 re
3268 2585 3418 2639 nota
3434 2579 3625 2638 uerba
3641 2574 3966 2654 perderet?
3987 2573 4002 2599 ’

780 2679 983 2736 audio.
1072 2678 1316 2755 scripsit
1345 2696 1490 2736 uero
1520 2672 1879 2754 Propertius
1907 2698 2030 2737 non
2061 2679 2179 2738 sibi
2204 2680 2311 2757 qui
2342 2680 2573 2738 sciebat
2604 2680 2710 2739 sed
2734 2680 2854 2737 tibi
2882 2680 2992 2757 qui
3033 2678 3249 2737 nescis·
3331 2694 3457 2733 non
3483 2673 3635 2731 tulit
3661 2672 3774 2729 has
3803 2687 4000 2745 nugas

782 2772 1105 2831 Housman
1150 2772 1438 2845 (Journal
1471 2772 1540 2847 os
1565 2772 1879 2848 Philoloqy
1921 2772 2019 2831 xvi
2049 2792 2107 2849 p.
2143 2772 2271 2847 14),
2302 2774 2411 2850 qui
2439 2779 2647 2832 tamen
2676 2793 2814 2832 cum
2855 2773 3005 2830 dicit
3044 2771 3125 2830 ad
3169 2768 3538 2828 sententiam
3580 2764 3832 2843 quidem
3877 2780 3997 2821 rec-

779 2865 1016 2923 tissime
1069 2865 1460 2941 Propertium
1508 2872 1542 2897 “
1562 2864 1820 2923 scribere
1864 2864 2149 2923 debuisse
2196 2874 2210 2896 ‘
2241 2866 2454 2923 Tibure
2502 2866 2584 2923 acl
2630 2871 2947 2923 extremam
3001 2883 3199 2941 nuper
3239 2863 3498 2920 humata
3544 2861 3712 2917 uiam
3735 2858 3749 2883 ’
3775 2856 3831 2924 '',
3876 2875 4000 2913 non

782 2957 1098 3035 scripsisse
1128 2958 1261 3033 ipso
1290 2957 1479 3016 uerbo
1507 2958 1757 3017 fatetur.
1844 2958 1997 3035 quid
2028 2957 2271 3017 multa?
2310 2964 2382 3017 ut
2425 2979 2589 3018 nunc
2624 2979 2720 3018 res
2763 2978 2826 3018 se
2866 2958 3073 3027 habet,
3103 2957 3407 3037 Cynthiae
3449 2952 3755 3032 sepulchri
3796 2951 4000 3010 locum

783 3052 891 3109 ubi
928 3072 1052 3110 non
1078 3051 1403 3119 attinebat,
1438 3051 1534 3109 bis
1577 3052 2082 3110 commemorauit
2123 3052 2505 3129 PropertiuS,
2544 3053 2654 3110 ubi
2696 3072 2938 3113 necesse
2979 3057 3129 3119 erat,
3157 3070 3235 3110 ne
3277 3049 3465 3109 semel
3506 3047 3775 3125 quidem.
3858 3065 4003 3121 ergo

781 3146 945 3222 quod
974 3145 1111 3203 dest
1138 3164 1209 3203 eo
1239 3146 1401 3222 quod
1433 3151 1712 3220 superest
1731 3146 2066 3222 expleatur,
2086 3165 2190 3204 uu.
2215 3147 2311 3214 81,
2336 3148 2413 3205 82
2443 3152 2587 3223 post
2613 3147 2655 3204 4,
2678 3147 2969 3205 traiectis.
3053 3147 3134 3205 ad
3152 3146 3320 3204 uiam
3344 3142 3586 3220 sepulta
3603 3146 3697 3200 est
3726 3140 4002 3197 Tibure

783 3239 979 3317 apud
1015 3239 1371 3298 Anienem
1418 3238 1773 3298 fluuium.
1861 3240 2064 3298 iamne
2090 3238 2270 3299 audis
2300 3239 2459 3300 illud
2488 3249 2502 3272 ‘
2522 3260 2805 3300 murmur
2825 3239 2889 3299 Ῥ
2936 3245 3087 3318 puto
3118 3239 3238 3299 nisi
3266 3236 3588 3298 surduses.
3662 3232 3829 3311 quod
3852 3232 3904 3292 si
3925 3251 4014 3291 ne‘

781 3353 995 3392 caecus
1023 3333 1291 3410 quidem,
1320 3333 1477 3392 illud
1514 3333 1894 3410 epigramma
1934 3333 2103 3410 legas
2146 3336 2311 3412 quod
2351 3335 2569 3394 laudat
2605 3335 3037 3394 Broukhusius
3074 3333 3155 3393 ad
3189 3331 3297 3392 loc.
3332 3340 3345 3364 ⁶
3367 3328 3682 3406 inscriptio
3718 3332 3900 3386 uetus
3938 3325 4002 3383 in

783 3431 968 3504 ponte
1011 3426 1245 3486 Salario
1288 3445 1468 3504 super
1507 3427 1828 3486 Anienem.
1913 3444 2248 3486 cxncxmvs
2292 3473 2305 3489 .
2346 3446 2625 3487 nAmms
2670 3473 2684 3489 .
2729 3446 3022 3486 svarac‘n
3062 3473 3074 3487 .
3115 3442 3418 3485 ovnerms
3464 3469 3477 3483 .
3520 3439 3731 3480 vnnAs
3770 3466 3784 3481 .
3822 3421 3831 3499 1
3871 3437 3948 3476 m·
3987 3464 4000 3477 .

785 3537 1009 3577 mem.
1044 3537 1282 3577 rnA'rAn
1315 3564 1329 3578 .
1360 3537 1662 3578 emmaus
1697 3564 1710 3580 .
1741 3538 2023 3578 mvnuva
2055 3565 2068 3579 .
2099 3522 2349 3589 sevam!

945 3618 1191 3671 transeo
1218 3611 1300 3670 ad
1326 3612 1421 3671 IV
1448 3612 1492 3671 ii
1522 3613 1597 3671 35
1630 3632 1721 3690 sq.
1753 3622 1767 3645 ‘
1787 3619 1881 3672 est
1908 3613 2096 3672 etiam
2124 3615 2372 3691 aurigae
2406 3615 2638 3692 species
2666 3614 3051 3674 Vertumnus
3073 3619 3137 3672 et
3164 3613 3313 3680 eius,
3352 3610 3360 3689 Ι
3396 3611 3602 3670 traicit
3626 3609 3864 3669 alterno
3894 3610 4003 3687 qui

787 3705 922 3764 leue
963 3704 1205 3781 pondus
1237 3723 1395 3782 equo
1414 3703 1449 3764 ⁹.
1517 3705 1668 3764 haec
1704 3712 1815 3765 aut
1843 3706 2054 3784 spuria
2091 3713 2204 3766 aut
2246 3714 2533 3786 corrupta
2575 3728 2707 3767 esse
2751 3708 3095 3767 fatendum.
3182 3706 3392 3784 spuria
3429 3710 3566 3763 tum
3595 3706 3845 3764 demum
3873 3723 4005 3762 esse

785 3799 1111 3858 concedam
1140 3818 1281 3856 cum
1310 3799 1466 3858 alter
1492 3799 1596 3859 ille
1620 3799 1982 3876 Propertius
2010 3801 2120 3878 qui
2147 3822 2207 3861 u.
2240 3802 2317 3860 36
2351 3798 2657 3879 scripserit
2689 3807 2833 3861 ante
2862 3801 3069 3861 oculos
3098 3800 3253 3859 mihi
3284 3799 3554 3859 sistetur.
3625 3798 4003 3875 corruptelae

788 3892 958 3951 haud
982 3911 1177 3950 unum
1204 3892 1499 3950 indicium
1518 3899 1625 3952 est.
1707 3894 1979 3971 primum
2001 3895 2166 3972 quod
2196 3903 2210 3930 ‘
2229 3902 2594 3954 uertumnos
2614 3894 2627 3919 ’
2659 3894 2900 3973 aliquos
2928 3895 3136 3962 habes,
3167 3913 3403 3952 nouum
3432 3899 3620 3970 atque
3651 3892 4003 3952 inauditum

787 3986 1145 4061 aurigarum
1188 3991 1251 4044 et
1288 3985 1673 4045 desultorum
1710 4005 1940 4062 genus3
1985 3987 2206 4046 deinde
2250 3987 2407 4046 illud
2458 3988 2625 4066 quod
2673 3994 3000 4047 uertumno
3046 3987 3177 4056 hoc,
3206 3987 3258 4045 si
3297 4005 3364 4045 re
3404 4006 3552 4046 uera
3593 3985 3821 4063 aliquis
3859 3986 4002 4055 fuit,

787 4077 947 4136 nihil
975 4077 1170 4154 magis
1199 4078 1665 4156 ἀπροσδιόνυσον.
1749 4079 1943 4157 ipsius
1972 4081 2137 4139 enim
2166 4081 2264 4139 dei
2295 4086 2630 4158 εὐτραπελία
2662 4082 2955 4159 exemplis
2985 4080 3374 4140 inlustranda
3400 4086 3549 4148 erat,
3572 4100 3696 4139 non
3722 4080 4005 4158 equitum

790 4171 1016 4249 species
1044 4177 1106 4230 et
1134 4172 1500 4248 cognomina
1525 4173 1901 4250 explicanda.
1954 4173 2164 4252 itaque
2192 4195 2388 4233 unum
2420 4175 2498 4233 de
2526 4175 2767 4234 duobus
2796 4175 3050 4234 tolletur
3077 4174 3374 4233 mendum
3404 4173 3456 4232 si
3484 4193 3596 4252 pro
3624 4182 3638 4205 ‘
3657 4178 3752 4232 est
3780 4174 3968 4232 etiam
3989 4172 4002 4196 ’

788 4272 899 4323 aut
930 4272 945 4295 ‘
966 4265 1231 4323 mentiar
1253 4266 1266 4288 ’
1297 4270 1409 4323 aut
1438 4275 1452 4297 ⁶
1470 4266 1760 4325 asciscam
1783 4265 1797 4290 '
1829 4266 2087 4344 legetur.
2171 4268 2430 4327 restabit
2464 4274 2674 4327 tamen
2720 4268 2988 4328 alterum
3030 4267 3196 4346 quod
3226 4286 3465 4326 mecum
3493 4266 3683 4326 uelim
3712 4267 4004 4345 explores

789 4357 1003 4416 multis
1033 4358 1157 4415 iam
1184 4358 1466 4435 exposuit
1487 4359 1868 4418 Vertumnus
1886 4380 2073 4437 quam
2096 4368 2282 4438 aptus
2310 4361 2527 4420 formis
2556 4361 2845 4419 omnibus
2873 4362 3025 4420 deus
3054 4366 3231 4420 esset.
3291 4369 3305 4392 ‘
3324 4360 3599 4420 cuiusuis
3620 4360 3700 4419 ad
3719 4360 4004 4438 speciem’

789 4452 995 4528 inquit
1025 4460 1039 4482 ‘
1064 4471 1160 4510 me
1189 4471 1373 4524 orna3
1420 4451 1549 4529 ipse
1576 4452 1754 4512 fiam:
1799 4453 1863 4511 in
1892 4453 2082 4512 armis
2110 4454 2304 4522 miles,
2336 4454 2620 4513 demissis
2649 4454 2714 4512 in
2742 4455 2966 4513 tunicis
2997 4455 3263 4523 institor,
3291 4453 3557 4532 piscator
3584 4473 3725 4512 cum
3754 4453 4004 4522 calamo,

789 4563 930 4603 cum
959 4545 1136 4603 corbe
1167 4563 1398 4603 messor
1419 4543 1461 4603 ’.ε
1493 4545 1710 4620 auriga
1735 4566 1881 4606 uero
1909 4552 1972 4606 et
1999 4547 2278 4607 desultor
2296 4568 2421 4626 quo
2443 4548 2710 4625 denique
2727 4568 2864 4606 cum
2885 4548 3148 4608 habitu?
3192 4567 3344 4606 num
3368 4547 3742 4607 Vertumni?
3786 4568 4003 4624 nugae.

790 4637 979 4696 immo
1008 4657 1144 4695 cum
1175 4657 1246 4696 eo
1275 4638 1442 4715 quod
1470 4643 1804 4716 utrumque
1833 4640 2221 4716 significabit,
2253 4650 2267 4673 ‘
2292 4662 2425 4700 cum
2453 4642 2689 4700 uerbere
2708 4643 2741 4700 ’.
2809 4641 2922 4700 hoc
2943 4643 3110 4718 quod
3132 4641 3436 4699 sententia
3454 4640 3731 4717 postulat
3746 4641 4007 4700 fortasse

791 4751 828 4789 a
856 4730 1081 4806 scripto
1108 4730 1353 4804 longius
1383 4732 1593 4789 abesse
1622 4731 1954 4791 uidebitur.
2038 4734 2213 4792 abest
2240 4738 2449 4792 tamen
2492 4734 2663 4792 haud
2699 4733 2788 4793 ita
2825 4733 3110 4792 multum.
3195 4734 3508 4792 intercidit
3537 4736 3634 4792 ber
3656 4737 3799 4810 post
3825 4754 3948 4800 uer,
3980 4755 4009 4792 e

792 4829 934 4882 ante
981 4828 1051 4888 et,
1098 4829 1161 4881 et
1200 4824 1456 4882 confusa
1504 4829 1666 4891 sunt,
1714 4824 1872 4883 sicut
1918 4826 2259 4894 sescentieS,
2303 4845 2332 4883 c
2374 4831 2437 4884 et
2482 4831 2543 4891 ἰ,-
2588 4825 2798 4904 itaque
2845 4830 3081 4885 tumuer
3128 4846 3166 4885 a
3215 4826 3479 4885 librariis
3524 4831 3721 4885 metro
3765 4846 4009 4904 quoque

795 4917 1093 4975 suadente
1123 4936 1488 4975 conuersum
1518 4917 1580 4976 in
1610 4923 1878 4983 uei-tum<
1890 4939 2003 4976 nus
2016 4931 2066 4987 >.

954 5010 1136 5068 tertio
1177 5009 1308 5068 loco
1351 5009 1459 5068 ΙΙΙ
1502 5010 1560 5067 xi
1603 5012 1679 5068 35
1728 5030 1857 5088 sqq.
1900 5011 2322 5080 tractabimus,
2366 5012 2433 5069 in
2479 5032 2601 5090 quo
2653 5013 2921 5072 carmine
2969 5013 3228 5092 simplex
3269 5019 3332 5071 et
3373 5013 3701 5072 cohaerens
3750 5013 4009 5072 materia

792 5103 1152 5182 Cleopatrae
1180 5104 1499 5162 foeditatis
1525 5105 1924 5182 Augustique
1955 5105 2234 5164 laudium
2277 5127 2314 5166 a
2360 5107 2628 5166 librariis
2659 5113 2789 5166 tam
2826 5107 3079 5184 indigne
3123 5107 3339 5165 habita
3365 5114 3459 5166 est
3487 5113 3561 5164 ut
3589 5106 3759 5164 haud
3784 5106 4009 5165 iniuria

793 5197 957 5255 inter
973 5197 1435 5275 corruptissima
1451 5198 1515 5256 id
1533 5198 1739 5275 ipsum
1761 5198 2086 5258 habeatur.
2158 5204 2231 5258 ut
2252 5201 2570 5260 exordium
2590 5201 2669 5259 ab
2686 5219 2756 5260 eo
2778 5201 2945 5278 quod
2974 5205 3213 5259 constet
3239 5200 3555 5268 faciamuS,
3574 5199 4010 5259 Lachmannus

793 5309 1008 5349 uersus
1032 5290 1108 5349 36
1131 5298 1193 5349 et
1209 5292 1289 5348 40
1307 5292 1571 5351 alterum
1593 5292 1657 5350 in
1679 5292 1932 5352 alterius
1954 5292 2156 5352 locum
2179 5294 2439 5354 iusserat
2461 5295 2742 5372 migrare,
2765 5295 3117 5366 uerissime:
3157 5312 3298 5352 nam
3319 5293 3552 5352 Romae
3575 5292 4010 5370 sempiternam

793 5403 923 5442 esse
950 5389 1162 5442 notam
1191 5385 1353 5461 quod
1384 5384 1692 5463 Aegyptia
1719 5387 1949 5446 harena
1989 5389 2286 5466 Pompeio
2323 5396 2450 5449 tres
2486 5390 2834 5467 triumphos
2874 5389 3238 5448 detraxisset
3266 5389 3515 5447 Lucano
3542 5387 3794 5464 dignius
3824 5406 4010 5464 quam

795 5477 1133 5553 Propertio.
1220 5469 1462 5537 omissis
1490 5480 1686 5556 igitur
1713 5500 1870 5558 quae
1897 5501 1968 5540 ex
2009 5502 2068 5540 u.
2113 5482 2188 5541 35
2234 5482 2314 5542 ab
2358 5503 2480 5542 uno
2523 5483 2574 5541 F
2616 5489 2900 5561 corrupte
2941 5483 3173 5541 tradito
3201 5481 3412 5541 elicere
3440 5480 3650 5540 studet
3677 5481 4011 5547 Baehrens,

794 5570 870 5628 de
901 5590 955 5627 u.
984 5570 1063 5628 40
1092 5570 1365 5650 proxime
1395 5573 1724 5633 dicendum
1752 5579 1863 5634 est.
1948 5575 2015 5634 in
2036 5595 2156 5653 quo
2184 5577 2459 5655 primum
2491 5576 2915 5637 soloecismum
2943 5573 3354 5643 librariorum,
3376 5575 3444 5633 in
3472 5578 3532 5634 et
3560 5574 3658 5644 ad,
3684 5573 3844 5636 sicut
3865 5573 4013 5634 alibi
