4890 6561
1685 519 1852 573 SEX.
1902 520 2294 573 PROPERTI
2333 520 2483 572 LIB.
2533 520 2641 573 III
2669 522 2802 586 [IV]
3774 528 3840 577 29

675 687 896 735 tantum
920 683 1113 749 operia,
1140 683 1324 735 neruis
1345 683 1552 736 hiscere
1574 700 1729 751 posse
1753 685 1921 747 meis3

611 748 1836 866 Wssffiuea‘ssffiffiffiifflffi‘ffiffb‘}{32³⁸
1858 767 1970 814 Μ’
2140 764 2167 818 ⁵

611 882 669 928 et
691 830 889 929 cecinit
912 878 1103 929 Curios
1126 877 1322 929 fratres
1344 883 1401 929 et
1427 879 1658 930 Horatia
1681 854 1809 945 pila,
2141 894 2168 944 7

677 943 885 993 anseris
908 947 966 994 et
991 947 1175 994 tutum
1197 959 1329 993 uoce
1353 943 1522 995 fuisse
1548 945 1751 1008 Iouem,
2113 961 2168 997 12

610 1006 969 1073 uictricesque
992 1023 1170 1059 moras
1193 1007 1350 1058 Fabii
1411 1024 1721 1084 ugnamque
1745 1009 2023 1061 sinistram
2137 1026 2170 1074 9

677 1071 1017 1123 Cannensem
1043 1076 1100 1123 et
1123 1088 1308 1123 uersos
1331 1025 1408 1123 adJ
1428 1089 1518 1138 pia
1539 1080 1672 1124 uota
1695 1074 1840 1135 deos,
2112 1090 2170 1125 ιο

613 1135 1089 1202 Hannibalemque
1114 1137 1277 1187 Lares
1302 1138 1552 1188 Romana
1572 1137 1698 1189 sede
1724 1137 1996 1204 fugantes,
2112 1154 2129 1189 1
2146 1155 2163 1190 1

676 1200 932 1267 regiaque
956 1201 1195 1253 Aemilia
1217 1207 1378 1252 uecta
1401 1208 1628 1268 tropaea
1650 1209 1786 1262 rate,
2138 1207 2169 1256 8

608 1280 732 1315 cum
757 1282 843 1317 me
868 1266 1111 1317 Castalia
1134 1266 1421 1341 speculans
1443 1283 1511 1317 ex
1534 1267 1723 1319 arbore
1747 1267 1998 1319 Phoebus
2111 1284 2168 1334 13

676 1330 754 1381 sic
777 1330 875 1390 ait,
901 1336 1100 1381 aurata
1122 1347 1284 1381 nixus
1306 1331 1377 1381 ad
1401 1338 1564 1383 antra
1585 1332 1601 1382 l
1723 1353 1735 1383 z

614 1399 629 1421 ⁸
645 1394 776 1461 quid
801 1395 902 1445 tibi
925 1411 1050 1445 cum
1072 1395 1192 1456 tali,
1214 1395 1452 1457 demens,
1472 1403 1556 1447 est
1578 1349 1836 1448 ffime?
1868 1398 1991 1464 quis
2015 1404 2072 1450 te
2113 1413 2167 1464 15

676 1459 932 1510 carminis
954 1460 1104 1511 heroi
1128 1465 1352 1526 tangere
1375 1461 1535 1511 iussit
1558 1467 1728 1527 opus!

609 1539 718 1574 non
740 1523 829 1575 hic
852 1524 968 1576 ulla
990 1524 1093 1576 tibi
1116 1526 1387 1591 speranda
1407 1532 1491 1577 est
1512 1526 1677 1588 fama,
1707 1526 1987 1593 Properti:

675 1588 862 1639 mollia
884 1594 1018 1641 sunt
1040 1590 1224 1656 paruis
1247 1595 1404 1655 prata
1427 1591 1653 1642 terenda
1677 1591 1825 1651 rotis,

611 1658 674 1703 ut
699 1659 827 1704 tuus
848 1654 907 1705 in
931 1671 1152 1705 scamno
1174 1654 1408 1706 iactetur
1428 1672 1589 1722 saepe
1612 1655 1849 1717 libellus,

673 1735 835 1784 quem
860 1718 1008 1785 legat
1029 1727 1324 1785 expectans
1347 1720 1464 1770 sola
1486 1720 1669 1785 puella
1691 1720 1886 1772 uirum.
2103 1736 2169 1773 20

608 1798 705 1833 cur
728 1789 825 1833 tua
848 1783 1206 1859 praescriptos
1228 1790 1421 1835 euecta
1443 1790 1528 1836 est
1552 1786 1753 1851 pagina
1773 1790 1973 1851 gyros?

676 1863 783 1898 non
806 1854 890 1899 est
911 1848 1119 1914 ingemi
1140 1849 1339 1900 cumba
1359 1849 1644 1924 grauanda
1667 1850 1765 1900 tui.

609 1911 749 1963 alter
770 1928 951 1963 remus
972 1930 1161 1979 aquas,
1188 1913 1331 1965 alter
1354 1914 1458 1965 tibi
1479 1914 1641 1966 radat
1662 1915 1893 1965 harenas
1914 1935 1927 1965 z

672 1981 830 2028 tutus
853 1977 957 2028 eris
980 1999 993 2030 ε
1033 1978 1211 2029 medio
1234 1979 1475 2029 maxima
1499 1978 1660 2029 turba
1683 1979 1818 2030 inari
1842 1979 1965 2030 est.’

610 2041 844 2102 dixerat,
871 2048 928 2093 et
951 2042 1157 2108 plectro
1178 2042 1359 2094 sedem
1386 2043 1521 2094 mihi
1544 2049 1814 2095 monstrat
1836 2045 2057 2107 eburn0,
2103 2058 2163 2110 25

674 2123 783 2173 qua
805 2123 950 2157 noua
973 2123 1219 2158 muscoso
1240 2108 1440 2158 semita
1461 2107 1611 2159 facta
1632 2108 1748 2159 solo
1771 2115 1869 2159 est.

608 2170 695 2221 hic
719 2176 836 2222 erat
858 2172 1054 2223 adfixis
1078 2172 1271 2223 uiridis
1293 2172 1552 2237 spelunca
1575 2173 1793 2238 lapillis,

673 2236 1092 2302 pendebantque
1115 2237 1265 2288 cauis
1290 2243 1555 2303 tympana
1579 2238 1903 2303 pumicibus,

608 2316 667 2350 or
686 2300 758 2351 ria
780 2306 1101 2367 mystarum,
1129 2308 1187 2353 et
1210 2301 1382 2353 Sileni
1404 2302 1574 2367 patris
1597 2303 1777 2368 imago

709 2366 853 2417 ctilis
876 2371 933 2417 et
953 2366 1168 2426 calami,
1196 2367 1313 2417 Pan
1338 2366 1598 2431 Tegeaee,
1627 2368 1745 2429 tui;
2104 2383 2168 2432 30

605 2434 662 2481 et
686 2430 912 2481 Veneris
935 2430 1187 2482 dominae
1210 2431 1474 2491 uolueras,
1503 2448 1625 2482 mea
1648 2432 1826 2493 turba,
1853 2431 2136 2485 columbae

671 2495 898 2560 tingunt
920 2495 1204 2561 Gorgoneo
1225 2496 1425 2562 punica
1447 2502 1624 2547 rostra
1647 2497 1785 2556 lacu,

606 2558 963 2626 diuersaeque
986 2577 1182 2611 nouem
1205 2561 1432 2611 sortitae
1454 2561 1576 2612 iura
1597 2561 1812 2627 puellae

671 2630 923 2676 exercent
945 2629 1162 2676 teneras
1185 2624 1243 2675 in
1266 2641 1369 2675 sua
1391 2625 1535 2676 dona
1557 2642 1768 2677 manus.

606 2688 739 2739 haec
761 2688 988 2741 hederas
1012 2688 1147 2755 legit
1169 2690 1227 2740 in
1251 2690 1484 2756 thyrsos,
1511 2690 1645 2741 haec
1669 2690 1911 2742 carmina
1933 2691 2116 2741 neruis

672 2759 845 2819 aptat,
872 2759 933 2805 at
954 2754 1053 2805 illa
1076 2770 1243 2805 manu
1266 2755 1409 2806 texit
1433 2759 1665 2821 utraque
1688 2772 1880 2806 rosam.
2101 2759 2162 2821 36

605 2832 635 2868 e
659 2834 890 2883 quarum
913 2835 1138 2870 numero
1162 2836 1247 2870 me
1269 2820 1500 2884 contigit
1522 2836 1634 2871 una
1655 2820 1878 2872 dearum
1899 2840 1911 2871 :

671 2888 736 2933 ut
758 2899 877 2933 reor
898 2899 933 2934 a
954 2881 1111 2943 facie,
1140 2883 1550 2958 Calliopeajuit
1574 2905 1586 2935 ε

610 2951 624 2974 ‘
640 2953 931 2999 contentus
953 2947 1131 2999 niueis
1154 2965 1367 3014 semper
1389 2948 1675 3000 nectabere
1696 2949 1905 3016 cygnis,

669 3029 768 3062 nec
792 3016 848 3063 te
869 3011 1025 3063 fortis
1048 3013 1176 3079 equi
1198 3013 1362 3064 ducet
1384 3013 1455 3064 ad
1478 3030 1630 3065 arma
1652 3030 1832 3065 sonus.
1896 3029 1902 3036 ·
2093 3030 2162 3079 40

607 3075 684 3127 nil
709 3076 810 3127 tibi
833 3077 908 3128 sit
930 3094 1093 3128 rauco
1117 3078 1401 3143 praeconia
1422 3078 1649 3129 classica
1670 3094 1836 3130 cornu

671 3141 801 3193 flare
824 3158 922 3193 nec
945 3142 1184 3193 Aonium
1210 3143 1291 3194 tin
1318 3204 1321 3205 ⁷
1370 3159 1459 3194 ere
1481 3143 1664 3194 Marte
1686 3159 1895 3204 nemus,

605 3210 703 3257 aut
727 3206 925 3272 quibus
947 3206 1005 3256 in
1027 3208 1233 3273 campis
1319 3208 1507 3258 ariano
1567 3207 1733 3259 roelia
1756 3208 1912 3274 signo

668 3275 819 3323 stent
842 3275 899 3323 et
923 3272 1250 3324 Teutonicas
1275 3272 1449 3324 Roma
1473 3290 1527 3324 re
1553 3272 1733 3349 ringat
1756 3291 1787 3323 o
1825 3290 1900 3334 eS‚

604 3335 865 3387 barbarus
887 3343 986 3388 aut
1009 3337 1188 3388 Suebo
1210 3338 1460 3403 perfusus
1483 3354 1748 3402 sanguine
1824 3339 1999 3389 henus
2096 3352 2159 3404 45

668 3402 856 3452 saucia
877 3402 1145 3453 maerenti
1168 3419 1389 3468 corpora
1410 3409 1595 3453 nectet
1616 3419 1777 3468 aqua.

606 3465 804 3532 qnippe
826 3472 1109 3517 coronatos
1130 3466 1370 3518 alienum
1393 3467 1465 3518 ad
1490 3467 1654 3518 limen
1678 3472 1929 3520 amantes

668 3536 1073 3597 nocturnaeque
1094 3548 1256 3583 canes
1278 3532 1427 3583 ebria
1450 3532 1608 3596 signa
1629 3531 1687 3581 fn
1797 3571 1810 3593 ,

606 3598 668 3645 ut
693 3611 788 3660 per
811 3600 866 3646 te
888 3595 1102 3647 clausas
1125 3596 1263 3647 sciat
1286 3602 1578 3647 excantare
1602 3549 1830 3661 pudllaRS,

667 3659 762 3734 qui
785 3660 936 3710 uolet
957 3666 1202 3712 austeros
1224 3667 1341 3712 arte
1364 3661 1521 3711 ferire
1542 3661 1728 3713 uiros)
2098 3675 2162 3727 50

604 3723 739 3774 taha
763 3724 1021 3791 Calliope,
1049 3724 1394 3792 lymphisque
1417 3741 1452 3776 a
1474 3725 1626 3776 fonte
1651 3725 1839 3791 petitis

668 3804 763 3840 ora
784 3789 1069 3841 Philetaea
1090 3795 1277 3842 nostra
1298 3790 1502 3856 rigauit
1524 3806 1683 3856 aqua.

1251 3997 1334 4049 IV
1367 3997 1502 4061 [111]

602 4109 776 4160 Arma
796 4108 930 4160 deus
955 4109 1155 4161 Caesar
1176 4110 1317 4161 dites
1340 4110 1640 4162 meditatur
1662 4110 1733 4160 ad
1759 4109 1940 4172 Indos,

667 4180 726 4225 et
747 4174 891 4225 freta
913 4174 1215 4251 gemmiferi
1239 4175 1440 4226 findere
1464 4175 1634 4226 classe
1658 4175 1838 4226 maris.

602 4253 692 4288 ma
767 4255 818 4298 a,
838 4239 959 4299 uiri,
984 4255 1184 4290 merces
1207 4259 1222 4300 3
1256 4245 1417 4305 parat
1438 4239 1638 4291 ultima
1659 4247 1805 4291 terra
1826 4239 2156 4305 triumphos:

719 4303 845 4368 'gris
869 4308 924 4354 et
949 4304 1257 4370 Euphrates
1280 4304 1383 4354 sub
1406 4308 1504 4355 tua
1526 4304 1649 4355 iura
1672 4304 1843 4355 fluent
1863 4325 1875 4355 ε

601 4383 739 4428 sera,
765 4368 858 4419 sed
886 4368 1145 4419 Ausoniis
1167 4369 1352 4420 ueniet
1376 4369 1653 4434 prouincia
1676 4369 1844 4432 uirgis
1866 4390 1878 4420 ι
2131 4380 2158 4434 5

665 4432 988 4484 adsuescent
1013 4434 1172 4485 Latio
1197 4433 1403 4484 Partha
1424 4438 1649 4509 tropaea
1674 4431 1808 4485 Ioui.

602 4496 680 4547 ite
702 4497 867 4562 agite,
896 4505 1152 4564 expertae
1175 4498 1317 4548 bello
1341 4497 1469 4548 date
1494 4499 1665 4549 lintea
1689 4514 1896 4564 prorae,

667 4566 726 4613 et
747 4562 969 4612 solitum
992 4562 1247 4629 armigeri
1270 4562 1452 4614 ducite
1476 4580 1674 4614 munus
1698 4563 1842 4630 equi.

719 4719 793 4764 111
827 4722 856 4765 8
888 4724 940 4766 et
975 4721 1033 4764 12
1065 4721 1194 4767 inter
1228 4736 1280 4768 se
1310 4723 1495 4779 transp.
1534 4722 1740 4768 Polster.

2273 687 2458 738 omina
2481 686 2668 738 fausta
2690 702 2840 739 canc.
2914 687 3137 739 Crassos
3158 687 3477 755 clademque
3500 690 3649 756 piate
3671 708 3686 752 ς

2338 753 2416 803 ite
2439 758 2497 803 et
2522 752 2801 803 Romanae
2824 752 3091 804 consulite
3114 754 3386 805 historiae.
3774 770 3834 808 10

2273 816 2392 883 ipsa
2408 822 2561 868 tuam
2580 833 2742 868 serua
2759 817 2980 882 prolem,
3000 818 3188 868 Venus
3208 839 3219 869 :
3247 819 3347 868 hoc
3365 819 3439 869 sit
3453 818 3508 869 in
3523 835 3741 882 aeuum,
3775 835 3833 883 19

2338 881 2513 932 cernis
2536 880 2607 932 ab
2631 882 2819 933 Aenea
2842 882 2984 947 quod
3010 899 3289 948 superesse
3312 899 3377 934 ca
3414 889 3491 935 ut.
3767 900 3834 936 20

2272 946 2424 996 Mars
2448 952 2605 1011 pater
2628 951 2687 997 et
2709 963 2892 997 sacrae
2916 946 3111 998 fatalia
3135 947 3346 999 lumina
3419 953 3589 1011 estae,
3775 965 3792 1000 1
3808 965 3827 1000 1

2335 1016 2467 1061 ante
2491 1027 2639 1062 meos
2661 1010 2844 1062 obitus
2868 1011 2957 1071 sit,
2985 1028 3183 1077 precor,
3211 1012 3311 1063 illa
3333 1012 3465 1073 dies,

2271 1091 2382 1140 qna
2405 1075 2624 1126 uideam
2648 1076 2834 1141 spoliis
2857 1081 3106 1127 oneratos
3130 1076 3376 1127 Caesaris
3399 1094 3547 1139 axes,

2336 1156 2399 1191 ac
2422 1140 2577 1205 uulgi
2602 1140 2796 1206 plausu
2819 1157 2979 1206 saepe
3002 1141 3249 1192 resistere
3272 1158 3456 1207 equos,

2271 1205 2439 1280 inque
2460 1205 2583 1280 sinu
2608 1221 2764 1281 carae
2789 1204 2950 1281 nisus
2972 1212 3215 1282 spectare
3239 1206 3452 1272 puellae
3772 1221 3828 1273 15

2271 1285 2610 1384 teligiclfipiam,
2638 1274 2693 1319 et
2718 1270 2896 1321 titulis
2918 1271 3118 1336 oppida
3139 1278 3301 1346 capta
3324 1271 3518 1336 legam,

2335 1403 2391 1449 et
2414 1415 2480 1449 su
2519 1403 2603 1449 ter
2625 1403 2813 1464 captos
2835 1415 2989 1449 arma
3009 1399 3193 1450 sedere
3216 1399 3394 1451 duces.

2270 1462 2474 1529 praeda
2497 1464 2571 1513 sit
2594 1464 2727 1514 haec
2750 1463 2874 1539 ill-is,
2906 1480 3135 1578 ‹lquorum
3160 1481 3402 1541 meruere
3423 1464 3664 1518 labores:
3765 1480 3824 1516 21

2335 1544 2422 1580 me
2447 1528 2612 1580 Sacra
2634 1533 2724 1579 sat
2746 1534 2849 1580 ent
2872 1545 2907 1595 p
2929 1529 3131 1580 audere
3152 1545 3308 1596 posse
3334 1530 3458 1581 Via.

2572 1335 2618 1384 is
2642 1335 2768 1399 equi
2791 1341 2849 1386 et
2872 1335 3078 1385 bracati
3103 1335 3294 1385 militis
3317 1352 3474 1387 arcus

2941 1732 2995 1783 V
3027 1733 3155 1796 [IV]

2270 1846 2428 1897 Pacis
2453 1846 2624 1897 Amor
2644 1846 2778 1898 deus
2801 1850 2884 1898 est
2907 1866 2921 1907 ς
2957 1863 3142 1913 pacem
3167 1863 3492 1899 ueneramur
3513 1855 3794 1903 amantes:

2333 1916 2424 1962 sat
2447 1911 2582 1961 mihi
2605 1928 2728 1962 cum
2753 1912 2972 1963 domina
2996 1912 3197 1977 proelia
3220 1912 3357 1963 dura
3379 1929 3516 1964 mea.

2269 1992 2367 2027 nec
2390 1975 2525 2026 mihi
2550 1976 2699 2028 mille
2723 1977 2864 2042 iugis
2890 1977 3192 2042 Campania
3216 1977 3431 2042 pinguis
3454 1983 3659 2042 aratur,
3800 1992 3828 2045 5

2333 2056 2432 2091 nec
2456 2041 2597 2092 bibit
2620 2057 2649 2092 e
2671 2057 2888 2107 gemma
2909 2041 3083 2092 diuite
3107 2046 3292 2092 nostra
3312 2042 3466 2093 sitis:
3794 2062 3830 2109 4

2268 2121 2366 2155 nec
2391 2110 2577 2156 tamen
2604 2106 2782 2157 inuis-o
2806 2112 2994 2172 pectus
3017 2106 3150 2156 mihi
3174 2107 3415 2171 carpitur
3436 2122 3588 2169 aur0,
3798 2124 3827 2175 3

2334 2185 2449 2232 nec,
2477 2170 2694 2231 misera,
2721 2187 2849 2221 aera
2872 2187 3001 2236 paro
3023 2170 3194 2230 clade,
3223 2170 3499 2233 Corintlie,
3528 2177 3642 2225 tua.
3796 2178 3828 2226 6

2267 2251 2301 2285 o
2323 2234 2499 2349 pfiima
2520 2234 2712 2285 infelix
2739 2235 2964 2350 figi-gent}
2989 2240 3133 2286 terra
3157 2236 3477 2349 grometheo
3499 2242 3508 2288 !

2334 2316 2352 2349 1
2396 2315 2765 2365 eparumcau
2798 2316 2934 2365 ipec
2963 2316 3179 2365 onsegl
3229 2316 3260 2349 o
3301 2317 3399 2351 us:

2267 2380 2490 2429 corpora
2510 2364 2799 2430 disponens
2823 2370 3060 2416 mentem
3084 2381 3192 2414 non
3217 2316 3358 2415 uildit
3381 2365 3438 2416 in
3461 2369 3594 2418 arte.

2332 2435 2482 2480 recta
2504 2429 2674 2479 animi
2697 2429 2930 2494 primum
2953 2429 3146 2480 debuit
3168 2445 3285 2480 esse
3307 2430 3415 2481 uia.
3770 2447 3830 2484 10

2269 2509 2413 2543 nunc
2436 2494 2603 2544 maris
2626 2494 2683 2544 in
2709 2499 2926 2544 tantum
2950 2498 3117 2544 uento
3139 2493 3421 2555 iactamur,
3449 2499 3506 2546 et
3528 2495 3741 2548 hostem

2334 2558 2664 2624 quaerimus,
2692 2564 2860 2624 atque
2883 2558 3047 2609 armis
3070 2559 3339 2609 nectimus
3362 2575 3514 2611 arma
3538 2577 3696 2613 noua.

2266 2621 2406 2673 haut
2430 2622 2572 2673 ullas
2596 2623 2836 2688 portabis
2859 2640 2987 2689 opes
3012 2623 3335 2673 Acherontis
3358 2624 3427 2674 ad
3451 2624 3628 2677 undas
3651 2646 3663 2677 ε

2333 2687 2513 2738 nudus
2537 2692 2596 2738 at
2619 2687 2849 2748 inferna,
2877 2687 3062 2747 stulte,
3092 2687 3288 2739 uehere
3313 2694 3442 2739 rate.

2266 2751 2443 2802 uictor
2465 2768 2588 2802 cum
2612 2751 2774 2802 uictis
2797 2752 2998 2817 pariter
3021 2751 3335 2803 miscebitur
3357 2752 3594 2806 umbris:
3766 2767 3823 2821 15

2330 2816 2551 2867 consule
2573 2833 2698 2867 cum
2723 2816 2917 2875 Mario,
2946 2822 3102 2882 capte
3127 2816 3410 2882 Iugurtha,
3437 2818 3606 2869 sedes.

2267 2880 2452 2945 Lydus
2476 2881 2732 2932 Dulichio
2755 2897 2861 2932 non
2885 2881 3058 2932 distat
3081 2881 3309 2932 Croesus
3331 2882 3401 2932 ab
3427 2882 3514 2932 Iro
3535 2903 3548 2935 ε

2329 2946 2539 3021 optima
2562 2962 2722 3006 mors,
2751 2962 2913 3012 parca
2932 2961 3076 3021 quae
3096 2946 3250 2997 uenit
3276 2953 3409 3012 apta
3429 2947 3533 2998 die.

2266 3026 2350 3061 me
2375 3016 2535 3061 iuuat
2559 3011 2614 3061 in
2640 3011 2816 3076 prima
2837 3010 3067 3061 coluisse
3094 3010 3359 3061 Helicona
3379 3011 3612 3064 iuuenta

2330 3075 2722 3141 Musarumque
2746 3075 2920 3126 choris
2941 3074 3253 3139 inplicuisse
3277 3092 3471 3126 manus
3493 3097 3505 3127 ε
3759 3092 3824 3130 20

2265 3155 2350 3190 me
2374 3139 2534 3190 iuuat
2557 3145 2613 3190 et
2635 3139 2812 3191 multo
2836 3144 3074 3191 mentem
3092 3140 3298 3191 uincire
3323 3141 3504 3206 Lyaeo

2329 3209 2386 3254 et
2409 3210 2575 3270 caput
2597 3205 2653 3255 in
2678 3220 2849 3255 uerna
2869 3220 3080 3270 semper
3102 3204 3299 3255 habere
3321 3221 3457 3256 rosa.

2263 3272 2431 3335 atque
2455 3269 2550 3320 ubi
2573 3269 2684 3321 iam
2710 3269 2976 3321 Venerem
2998 3269 3183 3336 grauis
3206 3269 3551 3336 interceperit
3572 3274 3745 3334 aetas,

2328 3335 2588 3399 sparserit
2613 3339 2670 3385 et
2692 3335 2872 3400 nigras
2895 3334 3024 3385 alba
3045 3340 3264 3385 senecta
3287 3352 3487 3397 comas,

2263 3404 2383 3450 tum
2408 3399 2541 3450 mihi
2565 3405 2796 3450 naturae
2819 3399 2988 3450 libeat
3013 3399 3310 3465 perdiscere
3335 3416 3525 3462 mores,
3758 3415 3820 3468 25

2327 3464 2452 3530 quis
2474 3464 2608 3515 deus
2631 3464 2770 3515 hanc
2794 3464 2984 3515 mundi
3007 3469 3273 3530 temperet
3295 3471 3414 3516 arte
3437 3465 3678 3528 domum,

2263 3544 2374 3594 qua
2397 3529 2554 3580 uenit
2576 3529 2840 3590 exoriens,
2868 3545 2977 3595 qua
2999 3529 3199 3589 deficit,
3227 3530 3372 3580 unde
3394 3530 3596 3581 coactis

2326 3593 2578 3644 cornibus
2600 3594 2657 3643 in
2682 3593 2901 3659 plenum
2927 3597 3207 3644 menstrua
3229 3593 3362 3644 luna
3384 3594 3540 3655 redit,

2261 3658 2407 3708 unde
2429 3658 2546 3708 salo
2568 3663 2827 3733 superant
2849 3657 3021 3718 uenti,
3048 3656 3179 3722 quid
3203 3657 3422 3708 flamine
3442 3662 3629 3724 captet

2328 3723 2526 3783 Eurus,
2554 3727 2609 3773 et
2632 3739 2688 3772 in
2714 3721 2886 3773 nubes
2909 3721 3053 3772 unde
3077 3722 3325 3787 perennis
3348 3739 3509 3788 aqua,
3754 3737 3820 3788 30

2261 3786 2335 3837 sit
2359 3792 2595 3838 uentura
2617 3786 2750 3848 dies,
2778 3786 2971 3837 mundi
3029 3803 3133 3837 uae
3156 3786 3385 3838 subruat
3406 3803 3574 3851 arces,

2328 3868 2627 3917 purpureus
2651 3851 2866 3916 pluuias
2890 3868 2984 3902 cur
3044 3851 3145 3901 ibit
3169 3867 3325 3902 arcus
3421 3867 3538 3914 uas,

2262 3920 2360 3966 aut
2383 3933 2480 3966 cur
2504 3916 2793 3967 Perrhaebi
2819 3921 3084 3968 tremuere
3106 3916 3392 3967 cacumina
3464 3916 3594 3979 ‘ndi,

2325 3981 2456 4031 solis
2479 3985 2535 4032 et
2556 3981 2755 4032 atratis
2779 3980 2980 4032 luxerit
3002 3981 3146 4031 orbis
3169 3981 3340 4046 equis,

2261 4060 2358 4096 cur
2380 4061 2530 4096 serus
2553 4061 2769 4096 uersare
2794 4045 2959 4096 boues
2982 4050 3039 4096 et
3063 4044 3307 4110 plaustra
3333 4046 3549 4109 Bootes,
3755 4060 3818 4113 35

2329 4109 2612 4161 Pleiadum
2637 4110 2809 4176 spisso
2830 4126 2925 4161 cur
2947 4110 3055 4160 coit
3078 4109 3202 4175 igne
3226 4110 3436 4171 chorus,

2260 4190 2425 4225 curue
2448 4191 2576 4225 suos
2598 4175 2732 4225 fines
2754 4174 2931 4225 altum
2957 4191 3062 4225 non
3087 4178 3248 4225 exeat
3271 4191 3489 4241 aequor,

2326 4239 2520 4353 plenus
2542 4243 2598 4290 et
2620 4239 2676 4289 in
2701 4245 2884 4315 partes
2907 4244 3166 4305 quattuor
3187 4255 3362 4290 annus
3387 4246 3496 4303 eat,

2261 4319 2326 4354 su
2386 4304 2544 4355 terris
2566 4304 2678 4354 sint
2701 4321 2823 4355 lura
2845 4304 3006 4355 deum
3030 4310 3087 4355 et
3110 4309 3382 4354 tormenta
3405 4305 3723 4370 Gigantum,

2327 4385 2458 4419 num
2483 4374 2617 4430 rota,
2645 4385 2776 4419 num
2800 4369 3024 4444 scopuli,
3053 4385 3184 4418 num
3209 4369 3329 4420 sitis
3352 4369 3495 4420 inter
3516 4386 3707 4436 aquae,
3754 4384 3819 4433 42

2261 4436 2359 4484 aut
2383 4433 2770 4484 Alcmaeoniae
2793 4432 2968 4485 furiae
2991 4439 3090 4484 aut
3113 4433 3320 4484 ieiunia
3344 4433 3554 4496 Phinei,
3753 4450 3813 4498 41

2327 4497 2652 4564 Tisiphones
2675 4508 2794 4549 atro
2818 4499 2864 4548 si
2886 4497 3021 4549 furit
3045 4514 3222 4574 angue
3246 4502 3427 4573 caput,
3755 4516 3821 4562 40

2262 4578 2393 4612 num
2418 4563 2596 4614 tribus
2619 4563 2892 4614 infernum
2917 4563 3159 4614 custodit
3181 4561 3430 4613 faucibus
3452 4567 3672 4613 antrum
3755 4578 3819 4629 43

1805 4723 1862 4765 11
1894 4722 2022 4768 lares
2050 4721 2106 4778 F,
2139 4721 2291 4767 lacre:
2321 4721 2444 4767 Lv1
2462 4737 2518 4775 μ,
2545 4721 2690 4766 lacios
2717 4720 2781 4776 N,
2815 4721 3003 4765 alacres
3020 4721 3067 4765 D
3084 4734 3129 4765 v.
3194 4720 3254 4764 16
3283 4720 3478 4776 heroyci
3498 4720 3550 4766 L.
3616 4720 3675 4764 17
3704 4721 3820 4768 hinc

602 4779 869 4826 Fruterius.
934 4781 992 4824 21
1012 4781 1086 4827 ita
1106 4780 1231 4826 Scal.
1281 4782 1583 4838 praescripto
1604 4785 1789 4827 senecta
1809 4786 1876 4826 est
1896 4779 2010 4836 (om.
2037 4779 2091 4835 Φ)
2106 4795 2157 4837 p.
2181 4795 2302 4836 ymo
2323 4790 2381 4826 Ω.
2448 4780 2506 4823 22
2527 4780 2690 4836 cymba
2715 4789 2752 4826 A
2771 4779 2833 4828 N.
2860 4779 3004 4824 turba
3025 4779 3064 4824 L
3078 4793 3108 4821 v
3125 4792 3219 4834 mg.
3275 4779 3333 4822 26
3354 4793 3447 4836 quo
3469 4778 3530 4824 N.
3591 4780 3650 4822 22
3677 4782 3819 4836 oryia

602 4839 792 4892 Heius„
817 4852 927 4895 erqo
952 4848 994 4884 Ω
1026 4839 1134 4897 (pro
1164 4842 1324 4896 imago
1353 4839 1386 4885 d
1416 4854 1511 4896 mg.
1537 4844 1588 4885 et
1611 4855 1639 4885 v
1659 4854 1754 4896 mg.
1780 4838 1947 4895 oriyo).
1992 4845 2266 4895 mystarum
2297 4839 2479 4894 Unger,
2511 4838 2574 4884 cf.
2603 4839 2714 4884 Sen.
2743 4837 2861 4884 Oed.
2889 4838 2991 4893 437,
3024 4850 3278 4883 mnam-um
3299 4846 3381 4940 ΩΒ.8
3409 4838 3740 4941 ἔξεον-ροηὶο
3761 4839 3815 4895 L,

605 4898 695 4943 ·ico
717 4907 753 4943 Δ
774 4896 826 4943 F.
881 4902 1047 4943 nostra
1080 4908 1113 4943 Φ
1130 4898 1176 4943 D
1194 4899 1259 4954 N,
1293 4912 1412 4943 corr.
1440 4898 1463 4943 f
1483 4898 1522 4954 (ἲ
1534 4897 1614 4953 V).

1681 4899 1739 4942 83
1768 4899 1961 4943 diuerso
1993 4931 2005 4944 .
2040 4898 2094 4943 F.
2139 4899 2261 4943 iura
2285 4897 2584 4943 ‘Vaticanus

602 4958 769 5002 conica
787 4966 823 5001 A
841 4956 893 5001 F.
958 4957 1019 4998 42
1029 4956 1149 5012 flere
1169 4967 1226 5011 Ω,
1246 4971 1364 5002 corr.
1388 4957 1654 5002 Fruterius.
1700 4959 1881 5012 tinyere
1898 4956 1944 5001 D
2003 4990 2014 5012 ,
2037 4958 2222 5013 cae'uyere
2238 4956 2299 5002 V.
2364 4958 2425 4999 46
2445 4956 2603 5002 Saeuo
2645 4954 2749 5009 tali,
2771 4953 2955 5010 σ(α)σιιο
2970 4964 3028 5000 Ω.
3092 4956 3152 4998 52
3178 4955 3386 5011 philitea
3407 4964 3443 5000 Δ
3463 4954 3501 5000 F
3517 4954 3580 5000 N.

3590 4897 3649 4939 41
3674 4911 3822 4999 pficrzei

2649 4897 2815 4942 uintus
2833 4893 2845 4914 '
2875 4895 3020 4949 Scal.,
3054 4910 3180 4941 rura
3201 4906 3258 4941 Ω.

602 5014 665 5060 cf.
700 5015 819 5060 Aus.
857 5014 1019 5083 Epigr.
1055 5015 1113 5060 31
1147 5014 1229 5070 (4),
1255 5014 1359 5070 flue
1390 5016 1444 5061 L.
1503 5016 1725 5071 Thybris,
1762 5015 1978 5070 et—yluet
2013 5016 2218 5061 Housm.
2260 5014 2374 5061 fort.
2414 5017 2560 5060 recte.
2658 5016 2688 5058 δ
2719 5015 2851 5061 Seres
2880 5018 2924 5059 ct
2958 5013 3117 5059 Janus
3151 5012 3456 5068 Gulielmius,
3492 5026 3590 5070 quo
3618 5017 3819 5072 accepto

600 5076 796 5118 uenient
827 5073 996 5119 Hems.
1062 5074 1123 5117 14
1152 5075 1223 5120 ita
1253 5074 1311 5119 G.
1352 5074 1403 5119 F.
1446 5074 1603 5119 Barth
1634 5074 1835 5119 fauente
1868 5075 1961 5119 Οιι.
1999 5074 2078 5119 Tr.
2119 5073 2194 5118 IV
2225 5074 2269 5119 2.
2309 5073 2383 5127 53,
2418 5074 2487 5119 ad
2520 5087 2567 5118 u.
2599 5074 2807 5128 plausus
2838 5082 2894 5118 Ω.
2961 5072 3036 5129 19,
3070 5073 3128 5114 20

2059 5135 2082 5177 t
2102 5137 2177 5177 sat
2198 5134 2293 5177 erit
2313 5132 2497 5178 habent
2519 5132 2566 5176 N
2583 5132 2645 5187 V,
2671 5137 2746 5176 sat
2767 5133 2862 5177 erit
2882 5131 3041 5176 media
3062 5131 3109 5175 D
3170 5164 3181 5175 .

594 5133 780 5189 prule-m
811 5146 956 5176 serua
982 5131 1040 5176 Ο.
1106 5132 1164 5175 22
1194 5135 1265 5178 mi
1296 5149 1341 5178 τ.
1378 5133 1450 5178 ita
1480 5147 1582 5187 nos,
1610 5147 1749 5178 &acm
1770 5146 1865 5178 om.
1892 5132 1945 5189 L,

3246 5075 3269 5117 t
3303 5072 3362 5115 1⁰
3392 5086 3480 5117 nos
3508 5074 3693 5130 transp.
3758 5073 3818 5116 19

3296 5130 3338 5173 V
3356 5130 3504 5187 priori
3524 5131 3817 5177 coniunxere

600 5190 779 5236 Mutet.
818 5190 942 5236 Scal.
980 5190 1156 5236 Baehr.
1228 5192 1256 5234 2
1289 5196 1365 5235 sat
1399 5191 1660 5246 Liuineius,
1696 5197 1826 5237 stant
1847 5201 1905 5236 Ω.
1970 5147 2086 5236 gott
2117 5192 2147 5234 δ
2174 5194 2198 5237 t
2348 5225 2359 5237 .
2397 5191 2602 5236 Housm.
2669 5192 2698 5233 8
2717 5189 2885 5235 malim
2909 5204 3003 5234 non
3024 5195 3057 5236 t.
3122 5190 3151 5232 ⁶
3171 5190 3348 5234 misera
3370 5189 3558 5246 Heius„
3585 5192 3733 5235 miser
3753 5199 3812 5247 Ω,

599 5251 755 5294 mixta
790 5248 1048 5294 Ruhnken.
1094 5262 1203 5294 aere
1231 5250 1295 5303 N,
1330 5252 1405 5295 ire
1434 5250 1492 5295 Ο.
1539 5251 1673 5295 clade
1705 5250 1804 5305 Ns,
1835 5263 1956 5306 pace
1988 5249 2042 5305 F,
2079 5251 2227 5295 classe
2258 5260 2294 5295 Δ

600 5309 801 5352 inertem
823 5324 869 5362 τ,
896 5307 1064 5353 malim
1096 5309 1227 5354 indit
1257 5310 1314 5353 in
1346 5323 1506 5354 arcem
1539 5308 1615 5364 (in
1644 5322 1754 5354 arce
1786 5307 1889 5354 cod.
1925 5306 2099 5363 Pasa),
2124 5308 2313 5354 indidit
2335 5307 2477 5363 (arti)
2499 5307 2673 5353 Baehr.
2739 5308 2797 5350 11
2825 5309 3122 5364 corruptum.
3167 5312 3313 5351 uento
3340 5316 3399 5361 Ω,

2432 5250 2462 5293 8
2492 5250 2627 5294 cauti
2649 5265 2694 5305 τ,
2721 5254 2859 5293 cattle
2889 5258 2946 5293 Ω.
3012 5248 3042 5291 9
3069 5248 3200 5293 uidit
3226 5249 3284 5292 in
3311 5253 3417 5293 arte
3437 5251 3734 5352 corrupfium,
3759 5262 3809 5295 u.

3656 5320 3809 5352 ousm.

599 5366 658 5409 12
688 5369 921 5411 nectimus
943 5366 987 5411 N
1008 5366 1069 5422 V,
1104 5366 1426 5423 qu(a)erimus
1457 5377 1490 5412 Φ
1508 5367 1569 5412 D.
1634 5368 1695 5410 14
1723 5368 1790 5413 ad
1820 5366 2230 5423 infernas—mccc
2261 5376 2302 5411 Ω
2335 5366 2502 5419 Lach.,
2537 5381 2657 5411 corr.
2700 5365 2952 5411 Schrader.
3018 5366 3076 5409 15
3111 5364 3277 5411 malim
3315 5366 3508 5410 uictrix.
3573 5366 3632 5408 18
3657 5379 3816 5421 parca

599 5427 900 5528 cfflpturg,
927 5425 1324 5529 cazzptaoeBperlgr„
1350 5426 1541 5471 Parcae
1571 5425 1715 5471 Lach.
1771 5430 1890 5482 apta

597 5499 642 5586 ἐι
662 5497 815 5596 &⁸
892 5518 903 5529 .
1029 5518 1040 5538 ,
1185 5499 1214 5529 o
1266 5519 1278 5530 .
1313 5498 1375 5541 po

1916 5435 1952 5471 A
1971 5425 2026 5481 F,
2051 5430 2162 5471 acca
2184 5425 2223 5470 L
2237 5424 2300 5470 N.
2366 5426 2426 5468 24
2447 5427 2682 5481 sparserit
2712 5429 2755 5470 et
2786 5425 2848 5480 N,
2873 5425 3055 5480 sparsit
3075 5428 3118 5469 et
3140 5434 3188 5478 Φ,
3213 5426 3447 5480 sparsa-it
3468 5433 3520 5469 A.
3567 5425 3740 5479 niqras
3762 5441 3808 5480 τ,

1376 5488 1425 5530 st
1458 5485 1517 5528 34
1544 5483 1767 5542 ponendi.
1834 5484 1892 5527 31
1912 5497 2072 5529 arcem
2093 5493 2129 5529 A
2150 5483 2188 5529 F
2210 5484 2389 5528 bonurn
2412 5487 2464 5528 et
2485 5483 2590 5528 hoc.
2657 5484 2716 5526 84
2736 5484 2961 5528 attractis
2983 5493 3017 5528 A
3038 5482 3090 5527 F.
3156 5484 3215 5525 86
3234 5482 3494 5538 etflamma
3510 5483 3740 5538 palustra
3761 5492 3809 5539 Φ,

788 5556 869 5586 παι
900 5542 1018 5586 boon
1038 5543 1083 5587 N
1106 5542 1291 5598 (boenes
1310 5542 1385 5598 μ).
1451 5544 1509 5586 39
1540 5543 1806 5598 Geyantum
1827 5557 1920 5588 om.
1948 5543 1995 5587 N
2016 5541 2146 5587 unde
2178 5547 2427 5587 nocentum
2450 5540 2653 5599 Lobeck,
2682 5555 2874 5588 reorum
2905 5541 3110 5588 Housm.
3172 5541 3234 5585 40
3254 5542 3305 5587 et
3322 5542 3384 5585 42
3403 5541 3532 5587 inter
3551 5555 3602 5588 se
3622 5543 3808 5600 transp.

602 5601 805 5647 Housm.
870 5601 945 5656 42,
970 5602 1030 5645 43
1050 5615 1137 5659 pro
1158 5615 1278 5647 num
1298 5605 1473 5660 quater
1494 5616 1592 5648 non
1612 5602 1659 5648 N
1682 5605 1732 5648 et
1754 5602 1793 5647 L
1814 5600 1912 5658 (hic
1936 5601 2147 5659 primum
2171 5615 2267 5646 mm
2288 5615 2347 5647 ex
2366 5615 2487 5648 corr.
2498 5599 2528 5657 ).
