4890 6561
2080 1404 2728 1496 PRAEFATIO

972 1625 1400 1689 ROPERTIO
1427 1626 1494 1688 in
1520 1624 2010 1706 recognoscendo
2037 1625 2310 1705 primum
2348 1645 2420 1686 ea
2449 1624 2727 1686 subsidia
2752 1624 3150 1687 adhibuimus
3177 1646 3337 1706 quae
3363 1624 3672 1706 congessit
3697 1624 4003 1689 Aemilius

806 1627 960 1827 P
1010 1721 1330 1782 Baehrens
1358 1722 1423 1781 in
1451 1721 1722 1782 editione
1751 1721 2180 1782 Teubneriana
2206 1741 2262 1781 a.
2295 1721 2473 1781 1880.
2560 1720 2722 1780 Sunt
2748 1726 2959 1781 autem
2985 1722 3173 1784 haec:

1171 1814 1235 1875 N
1315 1815 1503 1876 codex
1523 1814 1974 1894 Neapolitanus
2000 1814 2103 1875 uel
2130 1814 2661 1893 Guelferbytanus
2688 1813 2853 1874 inter
2879 1815 3201 1877 Gudianos
3229 1816 3366 1878 224.
3451 1816 3658 1877 deficit
3672 1836 3797 1877 uno
3816 1815 4003 1876 inter·

786 1904 962 1986 lapso
989 1907 1141 1968 folio
1167 1908 1234 1967 in
1262 1908 1361 1967 IV
1389 1908 1451 1967 xi
1480 1905 1686 1968 17-76.

943 2000 1006 2061 A
1087 2001 1273 2061 codex
1301 2001 1647 2062 Vossianus
1675 2000 1753 2061 38
1783 2021 1935 2064 saec.
1964 2003 2140 2063 XIV.
2223 2002 2429 2063 deficit
2454 2008 2599 2081 post
2624 2003 2698 2062 H
2723 2001 2747 2062 i
2773 2003 2870 2065 43.

944 2098 999 2157 F
1080 2098 1270 2159 codex
1297 2098 1752 2158 Laurentianus
1779 2096 1938 2177 plut.
1970 2097 2066 2157 36.
2096 2097 2196 2166 49,
2228 2116 2385 2157 saec.
2413 2096 2574 2156 XIV
2610 2096 2891 2156 exeuntis
2917 2097 3023 2156 uel
3051 2097 3173 2158 XV
3199 2098 3564 2178 incipientis.
3648 2118 3805 2178 quae
3826 2097 3903 2159 de
3931 2117 4001 2159 eo

783 2189 966 2252 aliter
1018 2212 1090 2253 ac
1146 2192 1461 2253 Baehrens
1517 2192 1894 2261 rettulimus,
1943 2209 2017 2251 ea
2070 2190 2137 2250 in
2198 2190 2335 2271 ipso
2389 2190 2594 2251 codice
2643 2190 2738 2250 ita
2792 2190 3022 2271 scripta
3075 2198 3282 2255 extare
3335 2192 3708 2254 testimoniis
3762 2194 4000 2254 utimur

787 2285 1179 2364 Margaretae
1204 2285 1433 2347 Alford
1458 2284 1956 2347 accuratissimis.

943 2379 1005 2439 D
1088 2380 1281 2440 codex
1307 2380 1779 2440 Dauentriensis
1809 2375 1967 2438 1792
1998 2397 2147 2439 saec.
2177 2377 2318 2438 XV.
2403 2377 2608 2438 deficit
2631 2376 2699 2436 in
2726 2377 2761 2437 1
2789 2377 2811 2436 i
2840 2377 3006 2437 l—ii
3036 2377 3131 2439 13.

944 2470 1003 2531 V
1083 2472 1270 2533 codex
1312 2472 2091 2535 ottoboniano-Vaticanus
2139 2491 2326 2552 quem
2369 2471 2683 2531 Baehrens
2725 2490 2878 2532 saec.
2920 2471 3098 2543 XIV,
3135 2472 3244 2533 alii
3285 2492 3435 2534 saec.
3477 2472 3601 2532 XV
3643 2472 3832 2533 medii
3872 2492 4003 2535 esse

781 2566 1137 2629 uoluerunt.

944 2669 1190 2741 praeter
1215 2661 1368 2722 haec
1395 2660 1798 2721 adhibuimus

944 2754 999 2814 L
1080 2754 1346 2816 codicem
1393 2754 1877 2816 Holkhamicum
1924 2753 2063 2823 333,
2100 2772 2157 2812 a.
2207 2750 2365 2812 1421
2419 2750 2738 2832 scriptum,
2786 2752 2951 2814 inter
2991 2750 3182 2813 libros
3236 2750 3478 2814 comitis
3527 2750 3604 2812 de
3654 2750 4006 2831 Leycestria

781 2846 1195 2908 Holkhamiae
1224 2854 1558 2908 seruatum.
1642 2847 1802 2907 liber
1829 2846 2090 2907 mutilus
2116 2866 2155 2906 a
2182 2846 2255 2906 II
2282 2846 2383 2905 xxi
2409 2845 2445 2905 3
2476 2845 2710 2924 incipit.

945 2940 1138 3001 huius
1179 2941 1325 3001 libri
1365 2941 1735 3002 uarietatem
1776 2960 1815 3000 a
1859 2940 2038 3001 nobis
2079 2939 2232 3019 ipsis
2273 2959 2593 3000 excussam
2630 2939 2864 3018 publici
2895 2938 3048 2999 iuris
3075 2937 3337 2999 fecimus
3369 2940 3794 2999 Τταπεαοιίοπε
3821 2939 3891 3016 of
3909 2940 4002 2999 the

788 3035 1134 3113 Gambridqe
1180 3036 1578 3114 ,Philoloqical
1618 3036 1855 3112 Society
1894 3040 2044 3094 tom.
2093 3034 2192 3093 IV
2231 3032 2382 3094 fasc.
2425 3032 2467 3094 i.
2550 3032 2805 3093 uidetur
2843 3053 2917 3095 ex
2957 3032 3183 3093 codicis
3227 3033 3631 3092 Laurentiani
3672 3031 4000 3111 exemplari

782 3129 1147 3207 profiuxisse
1174 3129 1482 3209 duplicem
1509 3131 1632 3190 iarn
1670 3134 2079 3189 correcturam
2107 3147 2308 3206 passo,
2334 3127 2595 3187 alteram
2623 3146 2695 3187 ex
2720 3131 2980 3204 cognato
3010 3125 3280 3205 quodam
3307 3125 3777 3185 Dauentriensis
3814 3130 4001 3205 atque

780 3222 1511 3285 ottoboniano-Vaticani
1540 3223 1764 3294 codice,
1793 3222 2053 3284 alteram
2081 3240 2155 3282 ex
2190 3219 2592 3300 Neapolitani
2620 3220 2911 3282 similiore
2937 3220 3295 3300 profectam.
3380 3220 3550 3299 quod
3587 3238 3737 3279 caue
3763 3219 3820 3280 ei
3846 3220 4003 3280 uitio

781 3323 1009 3387 uertas,
1041 3317 1269 3397 quippe
1297 3317 1407 3396 qui
1433 3317 1667 3377 ueteris
1694 3316 2025 3376 memoriae
2052 3314 2483 3393 undecumque
2510 3315 2839 3393 repetitam
2868 3315 3053 3374 fidem
3081 3314 3366 3392 religiose
3395 3313 3774 3375 seruauerit.¹

941 3415 1099 3481 tum,
1128 3416 1203 3471 ut
1228 3410 1459 3471 uulnus
1486 3409 1882 3489 Neapolitani
1909 3409 2363 3488 quodammodo
2390 3408 2779 3476 resarciatur,
2808 3407 3209 3467 adhibuimus
3238 3407 3321 3468 ad
3346 3407 3440 3467 IV
3467 3407 3529 3468 xi
3558 3405 3659 3467 17-
3669 3403 3743 3466 76

941 3528 987 3576 μ
1072 3504 1342 3564 codicem
1371 3503 1729 3564 Parisinum
1757 3503 1918 3563 8233
1947 3502 2078 3562 siue
2107 3510 2123 3536 ‘
2141 3501 2593 3562 Memmianum
2612 3500 2627 3527 ’
2658 3522 2713 3562 a.
2745 3501 2904 3561 1465
2932 3501 3234 3581 scriptum

947 3623 978 3656 v
1060 3597 1330 3658 codicem
1356 3597 1725 3658 Vrbinatem
1755 3596 1870 3655 641
1904 3614 2055 3656 saec.
2084 3595 2221 3656 XV.

944 3709 1208 3770 quorum
1234 3695 1497 3770 uterque
1523 3697 1588 3751 et
1614 3689 1695 3750 ab
1714 3690 1929 3751 eodem
1951 3689 2130 3769 quasi
2156 3689 2332 3750 fonte
2360 3688 2531 3749 haud
2557 3687 2747 3750 dubie
2773 3688 3200 3769 profluxerunt
3226 3694 3290 3750 et
3313 3687 3743 3766 cognationem
3770 3707 3911 3748 cum
3939 3689 4001 3748 N

779 3781 1014 3844 habent
1054 3784 1361 3844 artiorem.
1446 3784 1670 3845 horum
1710 3784 1964 3844 alterius
2005 3802 2187 3843 nemo
2227 3783 2432 3843 adhuc
2475 3783 2777 3843 rationem
2818 3782 3060 3850 habuit,
3088 3783 3166 3843 de
3195 3781 3496 3842 Vrbinate
3522 3801 3671 3842 uero
3695 3781 3997 3842 nonnulla

779 3876 1128 3957 disputauit
1155 3876 1415 3938 Carolus
1436 3876 1675 3937 Hosius
1701 3877 1915 3937 Rhein.
1935 3878 2093 3937 Mus.
2118 3875 2274 3937 1891
2294 3896 2396 3955 pp.
2423 3873 2542 3936 577
2566 3895 2700 3955 sqq.
2785 3875 3205 3936 ‘Memmiani'
3224 3875 3533 3944 lectiones,
3556 3875 3723 3954 quod
3751 3876 4002 3954 quidem

781 3970 863 4031 ad
916 3970 1015 4029 IV
1054 3969 1077 4030 i
1118 3967 1305 4030 17-76
1347 3970 1590 4040 attinet,
1637 3969 2083 4030 humanissime
2135 3969 2316 4029 nobis
2368 3969 2470 4029 uir
2524 3971 2800 4030 codicum
2851 3969 3266 4048 peritissimus
3317 3967 3622 4030 Aemilius
3676 3969 4002 4031 Chatelain

782 4063 1122 4144 exscripsit,
1153 4064 1477 4125 Vrbinatis
1502 4084 1653 4125 uero
1682 4062 1926 4124 suffecit
1952 4064 2227 4124 Thomae
2255 4063 2405 4123 wil.
2434 4062 2639 4135 Allen,
2671 4063 2893 4124 adfinis
2920 4063 3133 4133 nostri,
3160 4062 3529 4141 benignitas.

943 4178 1132 4237 supra
1156 4157 1460 4220 dictorum
1488 4157 1767 4218 codicum
1806 4176 2138 4218 consensus
2175 4157 2656 4239 adfinitatesque
2699 4156 3024 4219 breuitatis
3053 4176 3237 4218 causa
3260 4176 3370 4238 per
3395 4161 3576 4217 notas
3603 4156 3694 4217 ita
3720 4155 4000 4217 distinxi-

782 4269 926 4310 mus
953 4256 1029 4310 ut
1054 4251 1121 4310 in
1148 4251 1359 4330 aliqua
1382 4250 1642 4312 lectione

943 4351 991 4403 Φ
1074 4344 1414 4405 consentire
1440 4344 1631 4404 libros
1657 4342 1718 4404 A
1739 4343 1793 4403 F
1820 4342 1922 4403 uel
1951 4344 2006 4403 F
2019 4342 2074 4404 1.

943 4445 993 4496 Δ
1077 4437 1417 4498 consentire
1443 4437 1636 4498 libros
1662 4437 1722 4496 D
1747 4437 1805 4497 V

941 4532 999 4590 0
1081 4531 1423 4591 consentire
1450 4529 1499 4589 Φ
1517 4536 1583 4590 et
1608 4531 1658 4590 Δ

942 4623 997 4682 Ω
1077 4624 1422 4685 consentire
1451 4625 1505 4687 Ο
1533 4629 1597 4685 et
1621 4623 1685 4684 N
1719 4624 1855 4701 (uel
1883 4623 1937 4686 Ο
1961 4630 2024 4686 et
2049 4650 2095 4698 μ
2129 4627 2189 4703 v)
2221 4624 2537 4686 indicaret.

941 4718 1304 4778 minusculis
1334 4738 1581 4797 quoque
1613 4718 1840 4778 litteris
1873 4719 2083 4786 eadem
2116 4719 2193 4779 de
2225 4739 2412 4780 musa
2437 4719 2537 4779 usi
2567 4739 2782 4780 sumus
2810 4724 2884 4779 ut

942 4830 1004 4879 n,
1033 4810 1079 4878 f,
1109 4810 1152 4879 l,
1180 4811 1241 4877 d,
1269 4831 1309 4870 v
1388 4810 1679 4872 lectiones
1705 4812 1773 4871 in
1797 4810 1861 4871 N
1882 4811 1934 4870 F
1949 4811 2080 4872 LD
2100 4812 2161 4872 V
2186 4812 2421 4873 codices
2450 4832 2490 4872 a
2510 4811 2961 4890 corrigentibus
2986 4811 3217 4873 inlatas
3246 4811 3682 4892 significarent.

940 4903 1175 4964 accedit
1201 4904 1301 4963 his
1327 4904 1789 4966 Baehrensiana
1813 4903 1922 4965 illa
1949 4911 2100 4965 nota

910 5043 929 5075 ¹
964 5043 1156 5097 eadem
1185 5060 1255 5097 ex
1288 5044 1498 5111 origine
1520 5046 1578 5098 in
1600 5045 1949 5099 chartaceum
1974 5062 2191 5114 quoque
2213 5045 2452 5099 codicem
2487 5046 2797 5099 Pal-isinum
2832 5048 2980 5110 7989,
3001 5062 3050 5099 a.
3083 5049 3211 5100 1423
3242 5046 3591 5113 descriptum,
3619 5047 3867 5115 Properti
3890 5064 4003 5102 car·

778 5120 932 5173 mina
946 5125 1096 5184 (nam
1118 5121 1216 5173 alii
1233 5138 1451 5189 quoqne
1473 5128 1724 5176 auctores
1746 5123 1824 5175 ibi
1846 5124 2039 5176 insunt
2061 5140 2129 5176 ex
2152 5124 2354 5191 quibus
2375 5124 2584 5176 Tibulli
2605 5124 2903 5177 lectionum
2926 5124 3254 5176 uarietatem
3277 5124 3661 5176 Lachmannus
3683 5124 3741 5177 in
3762 5125 4003 5179 editione

777 5215 882 5251 sua
896 5198 1169 5261 adhibuit,
1189 5199 1516 5253 recentiores
1533 5201 1869 5265 abiecerunt)
1883 5202 2101 5254 uenisse
2117 5201 2390 5254 uidentur.
2449 5201 2539 5254 hic
2556 5201 2823 5254 nonnulla
2837 5201 3006 5254 habet
3021 5217 3146 5253 cum
3167 5200 3534 5254 Holkhamico
3549 5201 3687 5254 miro
3702 5202 3865 5256 modo
3881 5220 4003 5256 con·

776 5276 1061 5343 spirantia,
1088 5276 1245 5329 uelut
1267 5277 1407 5330 illud
1434 5282 1449 5306 ‘
1466 5277 1675 5331 latreus
1689 5278 1703 5302 '
1724 5278 1794 5331 de
1823 5295 1934 5346 quo
1954 5296 2038 5346 op.
2063 5279 2156 5332 cit.
2187 5296 2273 5346 pp.
2302 5283 2384 5344 30,
2410 5283 2478 5332 40
2510 5279 2932 5347 disputauimus.
3002 5279 3370 5346 interpolatus
3403 5280 3623 5346 quidem
3657 5285 3742 5333 est
3775 5296 3839 5333 ac
3871 5297 4002 5333 non-

776 5353 945 5405 nullis
966 5352 1099 5405 locis
1121 5354 1384 5406 audacius
1406 5358 1471 5406 ut
1493 5354 1550 5407 in
1576 5355 1657 5408 IV
1678 5358 1726 5409 2.
1756 5359 1821 5408 29
1848 5361 1862 5385 ⁶
1878 5356 2090 5408 sobrius
2120 5356 2191 5408 ad
2221 5356 2363 5409 lites.
2435 5359 2573 5409 uitis
2593 5358 2733 5409 mihi
2741 5374 2886 5425 pone
2907 5373 3162 5409 coronam
3176 5356 3207 5410 ’.
3272 5360 3459 5410 tamen
3482 5362 3666 5425 potest
3687 5357 3805 5410 fieri
3828 5362 3895 5410 ut
3916 5358 4005 5411 hic

775 5429 891 5482 illic
925 5430 1254 5483 traditarum
1289 5447 1325 5483 a
1356 5436 1397 5481 Φ
1433 5431 1729 5485 lectionum
1764 5433 2005 5501 uestigia
2036 5434 2233 5486 melius
2268 5433 2637 5487 Holkhamico
2666 5435 2758 5487 uel
2788 5434 3161 5487 Laurentiano
3183 5435 3506 5497 seruauerit,
3531 5439 3599 5487 ut
3623 5435 3681 5486 11
3706 5436 3756 5489 7.
3777 5438 3810 5487 3
3836 5439 3851 5463 ‘
3869 5436 3983 5502 qui,

781 5507 899 5559 ‘ni’
923 5507 996 5572 N,
1026 5508 1181 5575 ‘quis
1200 5508 1213 5532 ’
1236 5509 1281 5561 F
1303 5525 1428 5562 cum
1452 5513 1581 5564 cett.
1648 5510 1732 5565 1v
1755 5514 1801 5565 9.
1830 5515 1896 5565 45
1923 5517 1937 5541 ‘
1957 5509 2146 5580 aliqua
2163 5511 2177 5536 ’
2209 5512 2293 5577 (F,
2335 5511 2606 5580 ‘aliquem
2624 5512 2637 5536 ’
2660 5513 2705 5566 L
2728 5529 2854 5566 cum
2875 5517 3051 5577 cett.),
3089 5512 3161 5565 ib.
3190 5515 3255 5566 52
3292 5516 3308 5542 ‘
3326 5515 3480 5565 uicta
3497 5513 3510 5537 ’
3543 5513 3630 5577 (F,
3672 5512 3893 5567 ‘iuncta
3911 5514 3924 5536 ’
3958 5513 4004 5566 L

777 5601 904 5638 cum
926 5589 1054 5639 cett.
1062 5590 1098 5650 ).
